timestamp,bid_price,ask_price,bid_volume,ask_volume,order_flow,market_event
2024-11-18 11:02:43,134.19,134.3,591,931,SELL,NORMAL
2024-11-18 11:02:44,179.09,179.44,370,862,HOLD,NORMAL
2024-11-18 11:02:45,199.1,199.47,992,395,SELL,NORMAL
2024-11-18 11:02:46,176.21,176.41,502,957,HOLD,NORMAL
2024-11-18 11:02:47,118.06,118.55,901,838,SELL,DROP
2024-11-18 11:02:48,197.48,197.88,815,240,BUY,DROP
2024-11-18 11:02:49,179.76,180.22,709,936,SELL,DROP
2024-11-18 11:02:50,107.44,107.51,902,890,SELL,NORMAL
2024-11-18 11:02:51,146.64,146.9,508,587,BUY,DROP
2024-11-18 11:09:19,174.24,174.46,756,236,BUY,NORMAL
2024-11-18 11:09:20,151.43,151.8,15,954,SELL,DROP
2024-11-18 11:09:21,133.27,133.66,804,219,SELL,NORMAL
2024-11-18 11:09:22,104.29,104.75,238,435,HOLD,DROP
2024-11-18 11:09:23,189.19,189.35,275,924,SELL,NORMAL
2024-11-18 11:09:24,121.31,121.49,73,58,HOLD,NORMAL
2024-11-18 11:09:25,194.38,194.88,461,105,HOLD,SPIKE
2024-11-18 11:09:26,108.75,109.21,276,306,BUY,DROP
2024-11-18 11:09:27,177.68,178.16,80,923,HOLD,NORMAL
2024-11-18 11:09:28,132.31,132.8,54,305,HOLD,NORMAL
2024-11-18 11:09:29,112.59,112.88,63,158,BUY,DROP
2024-11-18 11:09:30,199.2,199.53,288,993,HOLD,SPIKE
2024-11-18 11:09:31,114.11,114.41,192,353,HOLD,DROP
2024-11-18 11:09:32,100.04,100.29,101,385,BUY,NORMAL
2024-11-18 11:09:33,125.1,125.38,790,615,BUY,NORMAL
2024-11-18 11:09:34,124.16,124.2,394,918,SELL,DROP
2024-11-18 11:09:35,195.09,195.54,147,140,HOLD,NORMAL
2024-11-18 11:09:36,118.55,118.61,954,337,SELL,SPIKE
2024-11-18 11:09:37,175.59,176.04,172,775,SELL,NORMAL
2024-11-18 11:09:38,188.09,188.33,39,358,BUY,NORMAL
2024-11-18 11:09:39,126.03,126.24,606,41,BUY,NORMAL
2024-11-18 11:09:40,118.9,118.99,800,156,HOLD,DROP
2024-11-18 11:09:41,151.96,152.46,192,507,BUY,DROP
2024-11-18 11:09:42,147.86,148.3,406,349,HOLD,NORMAL
2024-11-18 11:09:43,197.34,197.44,398,805,BUY,SPIKE
2024-11-18 11:09:44,157.98,158.45,809,450,BUY,DROP
2024-11-18 11:09:45,104.35,104.7,342,309,BUY,DROP
2024-11-18 11:09:46,179.05,179.35,557,421,BUY,NORMAL
2024-11-18 11:09:47,125.48,125.59,584,930,SELL,DROP
2024-11-18 11:09:48,189.73,190.09,93,576,BUY,DROP
2024-11-18 11:09:49,190.16,190.18,259,350,BUY,DROP
2024-11-18 11:09:50,187.51,187.54,159,608,HOLD,DROP
2024-11-18 11:09:51,170.68,170.8,557,949,HOLD,NORMAL
2024-11-18 11:09:52,116.24,116.41,333,249,HOLD,DROP
2024-11-18 11:09:53,152.03,152.41,927,485,BUY,DROP
2024-11-18 11:09:54,128.24,128.66,237,374,BUY,SPIKE
2024-11-18 11:09:55,135.58,135.99,215,751,SELL,NORMAL
2024-11-18 11:09:56,103.28,103.54,766,860,HOLD,NORMAL
2024-11-18 11:09:57,183.52,183.78,213,496,BUY,SPIKE
2024-11-18 11:09:58,185.48,185.78,264,917,HOLD,NORMAL
2024-11-18 11:09:59,134.16,134.44,453,922,HOLD,DROP
2024-11-18 11:10:00,135.48,135.53,972,378,BUY,DROP
2024-11-18 11:10:01,190.67,191.07,317,25,HOLD,DROP
2024-11-18 11:10:02,196.15,196.49,590,867,BUY,NORMAL
2024-11-18 11:10:03,100.15,100.22,514,729,BUY,DROP
2024-11-18 11:10:04,198.69,198.84,335,230,BUY,DROP
2024-11-18 11:10:05,114.24,114.33,486,281,HOLD,NORMAL
2024-11-18 11:10:06,184.8,185.02,723,765,SELL,NORMAL
2024-11-18 11:10:07,161.73,161.83,309,567,SELL,DROP
2024-11-18 11:10:08,109.81,110.23,329,372,HOLD,DROP
2024-11-18 11:10:09,131.91,131.92,231,812,BUY,NORMAL
2024-11-18 11:10:10,176.83,177.01,423,659,SELL,SPIKE
2024-11-18 11:10:11,135.3,135.57,324,163,BUY,SPIKE
2024-11-18 11:10:12,147.29,147.74,495,315,HOLD,NORMAL
2024-11-18 11:10:13,169.92,169.95,474,240,HOLD,NORMAL
2024-11-18 11:10:14,135.04,135.2,608,823,HOLD,DROP
2024-11-18 11:10:15,145.69,146.15,795,583,HOLD,DROP
2024-11-18 11:10:16,188.67,188.81,255,939,SELL,NORMAL
2024-11-18 11:10:17,108.78,108.84,750,788,BUY,DROP
2024-11-18 11:10:18,178.27,178.54,968,87,SELL,SPIKE
2024-11-18 11:10:19,174.93,175.4,581,623,HOLD,SPIKE
2024-11-18 11:10:20,147.12,147.54,142,281,HOLD,SPIKE
2024-11-18 11:10:21,166.64,167.04,828,730,HOLD,DROP
2024-11-18 11:10:22,181.78,182.13,29,295,HOLD,NORMAL
2024-11-18 11:10:23,165.53,165.89,519,486,SELL,NORMAL
2024-11-18 11:10:24,190.41,190.88,298,721,BUY,DROP
2024-11-18 11:10:25,109.6,109.86,678,90,SELL,SPIKE
2024-11-18 11:10:26,129.27,129.47,661,42,SELL,DROP
2024-11-18 11:10:27,137.56,137.8,968,979,SELL,DROP
2024-11-18 11:10:28,177.45,177.62,576,960,HOLD,SPIKE
2024-11-18 11:10:29,195.3,195.59,493,488,SELL,SPIKE
2024-11-18 11:10:30,109.79,110.15,133,580,SELL,NORMAL
2024-11-18 11:10:31,150.56,150.81,188,664,HOLD,DROP
2024-11-18 11:10:32,117.73,118.09,460,801,HOLD,NORMAL
2024-11-18 11:10:33,108.77,109.21,979,378,HOLD,SPIKE
2024-11-18 11:10:34,177.42,177.71,242,414,HOLD,SPIKE
2024-11-18 11:10:35,105.49,105.6,151,28,BUY,DROP
2024-11-18 11:10:36,156.75,156.98,344,38,BUY,DROP
2024-11-18 11:10:37,174.04,174.29,956,743,SELL,DROP
2024-11-18 11:10:38,186.24,186.46,661,609,BUY,NORMAL
2024-11-18 11:10:39,152.95,153.34,199,261,SELL,DROP
2024-11-18 11:10:40,159.17,159.22,351,453,BUY,DROP
2024-11-18 11:10:41,198.8,199.3,56,649,BUY,SPIKE
2024-11-18 11:10:42,124.59,124.83,155,48,BUY,NORMAL
2024-11-18 11:10:43,191.49,191.54,305,746,SELL,NORMAL
2024-11-18 11:10:44,132.56,132.8,291,497,BUY,DROP
2024-11-18 11:10:45,117.64,118.07,135,844,SELL,DROP
2024-11-18 11:10:46,116.38,116.66,403,947,HOLD,SPIKE
2024-11-18 11:10:47,118.52,118.92,505,647,BUY,DROP
2024-11-18 11:10:48,118.23,118.67,429,529,SELL,NORMAL
2024-11-18 11:10:49,117.92,118.06,346,733,BUY,DROP
2024-11-18 11:10:50,163.17,163.61,548,534,HOLD,DROP
2024-11-18 11:10:51,215.29,215.49,426,969,SELL,SPIKE
2024-11-18 11:10:52,147.65,147.89,300,504,HOLD,SPIKE
2024-11-18 11:10:53,193.81,194.0,107,592,SELL,DROP
2024-11-18 11:10:54,194.48,194.91,167,25,BUY,DROP
2024-11-18 11:10:55,162.14,162.5,87,801,HOLD,DROP
2024-11-18 11:10:56,188.68,188.84,833,626,HOLD,NORMAL
2024-11-18 11:10:57,197.91,198.36,519,475,BUY,DROP
2024-11-18 11:10:58,157.95,158.31,397,244,HOLD,SPIKE
2024-11-18 11:10:59,196.47,196.5,554,223,SELL,NORMAL
2024-11-18 11:11:00,149.98,150.24,605,261,SELL,SPIKE
2024-11-18 11:11:01,194.07,194.46,560,215,HOLD,NORMAL
2024-11-18 11:11:02,104.41,104.83,194,192,SELL,SPIKE
2024-11-18 11:11:03,153.53,153.64,106,101,SELL,DROP
2024-11-18 11:11:04,121.96,122.05,435,145,BUY,DROP
2024-11-18 11:11:05,174.27,174.71,899,73,HOLD,NORMAL
2024-11-18 11:11:06,192.62,192.76,488,138,SELL,NORMAL
2024-11-18 11:11:07,101.2,101.5,88,341,HOLD,DROP
2024-11-18 11:11:08,189.87,190.33,43,846,SELL,SPIKE
2024-11-18 11:11:09,180.06,180.29,758,760,SELL,NORMAL
2024-11-18 11:11:10,163.43,163.54,392,285,SELL,DROP
2024-11-18 11:11:11,173.17,173.63,912,293,BUY,SPIKE
2024-11-18 11:11:12,121.04,121.27,905,18,SELL,NORMAL
2024-11-18 11:11:13,192.64,193.06,749,496,HOLD,SPIKE
2024-11-18 11:11:14,187.03,187.12,252,369,BUY,NORMAL
2024-11-18 11:11:15,105.53,105.96,179,121,SELL,SPIKE
2024-11-18 11:11:16,166.8,167.14,775,992,HOLD,DROP
2024-11-18 11:11:17,157.56,157.62,684,942,SELL,DROP
2024-11-18 11:11:18,106.52,106.81,679,176,BUY,SPIKE
2024-11-18 11:11:19,126.54,126.87,977,259,HOLD,SPIKE
2024-11-18 11:11:20,130.9,131.33,99,459,HOLD,NORMAL
2024-11-18 11:11:21,172.23,172.34,956,994,HOLD,SPIKE
2024-11-18 11:11:22,163.94,164.3,45,338,SELL,NORMAL
2024-11-18 11:11:23,197.39,197.51,883,540,HOLD,DROP
2024-11-18 11:11:24,173.09,173.28,337,531,BUY,DROP
2024-11-18 11:11:25,143.25,143.75,935,447,SELL,DROP
2024-11-18 11:11:26,192.92,193.24,937,716,SELL,SPIKE
2024-11-18 11:11:27,104.6,104.63,83,558,BUY,NORMAL
2024-11-18 11:11:28,116.99,117.29,364,780,SELL,NORMAL
2024-11-18 11:11:29,192.75,193.03,266,258,BUY,SPIKE
2024-11-18 11:11:30,158.77,158.96,686,818,BUY,DROP
2024-11-18 11:11:31,156.48,156.7,529,93,BUY,DROP
2024-11-18 11:11:32,164.66,165.08,212,112,HOLD,NORMAL
2024-11-18 11:11:33,155.73,156.06,978,301,BUY,SPIKE
2024-11-18 11:11:34,117.54,117.83,83,154,SELL,NORMAL
2024-11-18 11:11:35,194.79,195.23,455,238,SELL,SPIKE
2024-11-18 11:11:36,163.43,163.89,210,591,HOLD,SPIKE
2024-11-18 11:11:37,168.96,169.13,150,262,SELL,SPIKE
2024-11-18 11:11:38,184.33,184.62,676,995,SELL,NORMAL
2024-11-18 11:11:39,163.54,163.55,781,178,SELL,DROP
2024-11-18 11:11:40,163.36,163.44,956,84,BUY,SPIKE
2024-11-18 11:11:41,112.52,112.66,962,830,HOLD,NORMAL
2024-11-18 11:11:42,109.02,109.24,115,987,BUY,SPIKE
2024-11-18 11:11:43,173.32,173.65,623,328,HOLD,NORMAL
2024-11-18 11:11:44,149.45,149.75,769,791,BUY,NORMAL
2024-11-18 11:11:45,145.15,145.44,466,576,BUY,DROP
2024-11-18 11:11:46,172.37,172.47,548,233,SELL,SPIKE
2024-11-18 11:11:47,170.75,171.0,75,137,HOLD,NORMAL
2024-11-18 11:11:48,100.09,100.53,327,591,HOLD,SPIKE
2024-11-18 11:11:49,217.82,218.15,808,241,BUY,SPIKE
2024-11-18 11:11:50,117.93,118.07,43,378,HOLD,SPIKE
2024-11-18 11:11:51,160.06,160.16,267,212,HOLD,DROP
2024-11-18 11:11:52,161.06,161.37,577,492,BUY,NORMAL
2024-11-18 11:11:53,163.1,163.12,59,17,HOLD,SPIKE
2024-11-18 11:11:54,130.5,130.84,62,713,SELL,NORMAL
2024-11-18 11:11:55,176.09,176.51,13,159,SELL,DROP
2024-11-18 11:11:56,126.89,126.92,302,218,SELL,DROP
2024-11-18 11:11:57,135.61,135.91,374,203,HOLD,SPIKE
2024-11-18 11:11:58,150.93,151.0,666,711,SELL,NORMAL
2024-11-18 11:11:59,176.49,176.54,933,516,HOLD,NORMAL
2024-11-18 11:12:00,121.85,122.06,871,751,SELL,SPIKE
2024-11-18 11:12:01,128.95,129.44,622,841,HOLD,DROP
2024-11-18 11:12:02,161.19,161.5,59,385,SELL,DROP
2024-11-18 11:12:03,153.27,153.67,601,891,SELL,DROP
2024-11-18 11:12:04,194.45,194.86,472,431,BUY,DROP
2024-11-18 11:12:05,195.88,196.28,20,445,SELL,NORMAL
2024-11-18 11:12:06,115.78,116.02,133,718,SELL,NORMAL
2024-11-18 11:12:07,125.14,125.23,311,644,BUY,NORMAL
2024-11-18 11:12:08,159.58,159.9,199,340,SELL,NORMAL
2024-11-18 11:12:09,115.86,115.89,153,829,BUY,DROP
2024-11-18 11:12:10,119.58,119.93,506,840,HOLD,SPIKE
2024-11-18 11:12:11,192.5,192.96,612,339,HOLD,SPIKE
2024-11-18 11:12:12,144.12,144.36,248,552,HOLD,DROP
2024-11-18 11:12:13,179.67,179.72,565,544,HOLD,SPIKE
2024-11-18 11:12:14,100.71,101.04,191,455,SELL,SPIKE
2024-11-18 11:12:15,117.45,117.82,144,670,SELL,SPIKE
2024-11-18 11:12:16,158.76,158.78,909,534,HOLD,DROP
2024-11-18 11:12:17,140.94,141.01,210,283,BUY,SPIKE
2024-11-18 11:12:18,207.5,207.69,123,656,SELL,SPIKE
2024-11-18 11:12:19,171.74,172.23,887,146,BUY,NORMAL
2024-11-18 11:12:20,188.05,188.17,977,156,BUY,SPIKE
2024-11-18 11:12:21,129.81,130.2,663,927,SELL,SPIKE
2024-11-18 11:12:22,147.2,147.34,200,823,SELL,SPIKE
2024-11-18 11:12:23,152.18,152.37,141,311,SELL,DROP
2024-11-18 11:12:24,169.55,169.69,128,951,SELL,SPIKE
2024-11-18 11:12:25,120.76,120.89,490,846,HOLD,NORMAL
2024-11-18 11:12:26,107.19,107.31,923,984,SELL,NORMAL
2024-11-18 11:12:27,167.7,167.84,732,183,SELL,SPIKE
2024-11-18 11:12:28,156.79,157.22,479,605,BUY,DROP
2024-11-18 11:12:29,123.13,123.47,495,752,SELL,DROP
2024-11-18 11:12:30,197.37,197.44,691,963,BUY,SPIKE
2024-11-18 11:12:31,172.21,172.38,925,219,BUY,DROP
2024-11-18 11:12:32,155.26,155.66,860,223,SELL,DROP
2024-11-18 11:12:33,185.32,185.76,872,674,HOLD,SPIKE
2024-11-18 11:12:34,178.59,178.98,750,813,SELL,DROP
2024-11-18 11:12:35,192.37,192.75,266,781,HOLD,NORMAL
2024-11-18 11:12:36,109.89,110.18,631,476,SELL,DROP
2024-11-18 11:12:37,113.06,113.16,634,771,HOLD,DROP
2024-11-18 11:12:38,164.51,164.68,191,231,SELL,NORMAL
2024-11-18 11:12:39,175.1,175.29,513,460,HOLD,SPIKE
2024-11-18 11:12:40,132.22,132.55,608,64,HOLD,NORMAL
2024-11-18 11:12:41,103.94,104.42,410,953,BUY,SPIKE
2024-11-18 11:12:42,199.61,199.74,81,683,BUY,NORMAL
2024-11-18 11:12:43,120.79,121.23,378,519,HOLD,NORMAL
2024-11-18 11:12:44,206.55,207.05,817,784,HOLD,SPIKE
2024-11-18 11:12:45,131.49,131.92,745,719,BUY,NORMAL
2024-11-18 11:12:46,160.59,160.75,512,297,HOLD,SPIKE
2024-11-18 11:12:47,130.66,131.08,569,664,SELL,DROP
2024-11-18 11:12:48,125.39,125.49,499,201,HOLD,SPIKE
2024-11-18 11:12:49,139.1,139.41,464,603,HOLD,DROP
2024-11-18 11:12:50,105.04,105.12,227,276,BUY,SPIKE
2024-11-18 11:12:51,136.14,136.31,767,203,HOLD,SPIKE
2024-11-18 11:12:52,145.54,145.83,131,513,BUY,NORMAL
2024-11-18 11:12:53,148.83,148.9,475,804,BUY,NORMAL
2024-11-18 11:12:54,123.54,123.82,384,535,BUY,NORMAL
2024-11-18 11:12:55,120.93,120.99,406,919,BUY,DROP
2024-11-18 11:12:56,141.89,142.11,481,104,SELL,DROP
2024-11-18 11:12:57,181.25,181.36,699,380,BUY,NORMAL
2024-11-18 11:12:58,103.95,104.14,761,767,SELL,DROP
2024-11-18 11:12:59,107.86,108.08,213,153,HOLD,NORMAL
2024-11-18 11:13:00,186.49,186.53,187,401,HOLD,NORMAL
2024-11-18 11:13:01,191.97,192.02,909,471,HOLD,SPIKE
2024-11-18 11:13:02,137.74,138.2,651,921,BUY,SPIKE
2024-11-18 11:13:03,172.95,173.21,824,874,SELL,SPIKE
2024-11-18 11:13:04,117.2,117.32,314,984,SELL,SPIKE
2024-11-18 11:13:05,197.94,198.03,365,360,SELL,DROP
2024-11-18 11:13:06,139.89,140.16,713,442,SELL,NORMAL
2024-11-18 11:13:07,156.35,156.6,948,592,BUY,DROP
2024-11-18 11:13:08,154.77,154.81,197,364,BUY,NORMAL
2024-11-18 11:13:09,135.09,135.5,623,604,SELL,NORMAL
2024-11-18 11:13:10,192.12,192.49,777,317,SELL,SPIKE
2024-11-18 11:13:11,194.08,194.21,530,510,BUY,DROP
2024-11-18 11:13:12,101.78,102.22,606,633,SELL,NORMAL
2024-11-18 11:13:13,168.85,169.12,896,340,BUY,NORMAL
2024-11-18 11:13:14,158.89,159.14,801,45,SELL,DROP
2024-11-18 11:13:15,140.79,140.95,629,527,HOLD,DROP
2024-11-18 11:13:16,169.73,169.89,984,259,SELL,SPIKE
2024-11-18 11:13:17,167.86,168.03,415,353,SELL,DROP
2024-11-18 11:13:18,175.02,175.49,41,20,HOLD,DROP
2024-11-18 11:13:19,112.98,113.38,924,54,HOLD,NORMAL
2024-11-18 11:13:20,105.77,105.79,864,824,BUY,SPIKE
2024-11-18 11:13:21,132.06,132.38,640,909,SELL,SPIKE
2024-11-18 11:13:22,180.4,180.83,893,638,BUY,SPIKE
2024-11-18 11:13:23,173.48,173.88,814,208,BUY,DROP
2024-11-18 11:13:24,170.61,170.83,863,363,HOLD,NORMAL
2024-11-18 11:13:25,136.93,137.39,781,821,BUY,SPIKE
2024-11-18 11:13:26,175.52,175.56,74,174,SELL,DROP
2024-11-18 11:13:27,133.63,133.81,265,867,BUY,SPIKE
2024-11-18 11:13:28,162.98,163.06,352,286,SELL,DROP
2024-11-18 11:13:29,150.11,150.12,945,644,SELL,NORMAL
2024-11-18 11:13:30,163.42,163.58,351,38,HOLD,DROP
2024-11-18 11:13:31,142.11,142.51,196,980,HOLD,SPIKE
2024-11-18 11:13:32,160.84,160.9,91,174,HOLD,SPIKE
2024-11-18 11:13:33,171.73,172.12,328,381,BUY,SPIKE
2024-11-18 11:13:34,126.23,126.3,683,311,SELL,NORMAL
2024-11-18 11:13:35,143.44,143.86,120,79,BUY,NORMAL
2024-11-18 11:13:36,190.47,190.95,580,839,SELL,SPIKE
2024-11-18 11:13:37,145.49,145.78,542,942,SELL,DROP
2024-11-18 11:13:38,123.3,123.56,346,938,HOLD,DROP
2024-11-18 11:13:39,159.12,159.22,136,349,BUY,DROP
2024-11-18 11:13:40,110.23,110.64,447,840,HOLD,DROP
2024-11-18 11:13:41,188.07,188.25,891,533,BUY,NORMAL
2024-11-18 11:13:42,116.29,116.31,599,180,HOLD,DROP
2024-11-18 11:13:43,108.75,108.81,79,399,BUY,DROP
2024-11-18 11:13:44,151.93,152.26,275,501,HOLD,DROP
2024-11-18 11:13:45,112.81,112.92,524,565,BUY,SPIKE
2024-11-18 11:13:46,132.09,132.22,17,225,BUY,SPIKE
2024-11-18 11:13:47,159.4,159.54,75,372,SELL,SPIKE
2024-11-18 11:13:48,129.85,130.11,38,755,HOLD,SPIKE
2024-11-18 11:13:49,152.91,153.3,216,482,BUY,NORMAL
2024-11-18 11:13:50,177.46,177.65,627,91,HOLD,NORMAL
2024-11-18 11:13:51,104.08,104.2,53,470,HOLD,NORMAL
2024-11-18 11:13:52,136.88,137.24,658,664,HOLD,SPIKE
2024-11-18 11:13:53,106.77,106.92,908,956,BUY,DROP
2024-11-18 11:13:54,118.53,118.96,291,684,HOLD,NORMAL
2024-11-18 11:13:55,148.12,148.41,221,694,SELL,SPIKE
2024-11-18 11:13:56,118.81,119.18,881,511,HOLD,DROP
2024-11-18 11:13:57,176.26,176.55,305,594,HOLD,NORMAL
2024-11-18 11:13:58,114.31,114.42,438,560,BUY,NORMAL
2024-11-18 11:13:59,108.85,109.21,80,364,SELL,DROP
2024-11-18 11:14:00,199.91,200.36,556,756,SELL,NORMAL
2024-11-18 11:14:01,154.69,155.11,959,115,HOLD,NORMAL
2024-11-18 11:14:02,142.23,142.66,242,735,SELL,NORMAL
2024-11-18 11:14:03,191.57,191.86,578,162,BUY,SPIKE
2024-11-18 11:14:04,167.87,168.01,537,258,SELL,NORMAL
2024-11-18 11:14:05,153.63,154.09,859,680,HOLD,NORMAL
2024-11-18 11:14:06,138.05,138.12,784,920,BUY,NORMAL
2024-11-18 11:14:07,115.1,115.37,503,143,HOLD,DROP
2024-11-18 11:14:08,149.66,149.85,968,919,SELL,SPIKE
2024-11-18 11:14:09,161.63,162.07,300,517,HOLD,DROP
2024-11-18 11:14:10,170.42,170.84,192,409,HOLD,NORMAL
2024-11-18 11:14:11,176.11,176.34,540,101,BUY,DROP
2024-11-18 11:14:12,100.93,101.13,188,928,SELL,DROP
2024-11-18 11:14:13,154.82,155.01,46,217,SELL,DROP
2024-11-18 11:14:14,163.7,163.85,752,243,SELL,NORMAL
2024-11-18 11:14:15,198.31,198.44,591,564,HOLD,NORMAL
2024-11-18 11:14:16,199.86,200.12,811,465,SELL,SPIKE
2024-11-18 11:14:17,106.88,107.15,105,797,BUY,DROP
2024-11-18 11:14:18,193.43,193.78,716,974,BUY,DROP
2024-11-18 11:14:19,194.27,194.71,812,522,HOLD,NORMAL
2024-11-18 11:14:20,104.06,104.38,715,782,SELL,DROP
2024-11-18 11:14:21,125.7,125.93,386,983,SELL,SPIKE
2024-11-18 11:14:22,139.44,139.51,534,803,BUY,SPIKE
2024-11-18 11:14:23,167.13,167.42,753,576,HOLD,NORMAL
2024-11-18 11:14:24,197.08,197.56,629,300,HOLD,DROP
2024-11-18 11:14:25,155.78,156.21,98,53,BUY,SPIKE
2024-11-18 11:14:26,154.61,155.09,837,410,HOLD,NORMAL
2024-11-18 11:14:27,132.57,132.62,870,528,BUY,DROP
2024-11-18 11:14:28,103.91,104.17,307,518,BUY,DROP
2024-11-18 11:14:29,155.82,156.14,157,337,SELL,DROP
2024-11-18 11:14:30,112.27,112.66,38,184,HOLD,SPIKE
2024-11-18 11:14:31,122.05,122.08,21,911,SELL,NORMAL
2024-11-18 11:14:32,128.14,128.59,470,225,BUY,NORMAL
2024-11-18 11:14:33,167.65,167.82,680,674,BUY,SPIKE
2024-11-18 11:14:34,159.48,159.71,81,259,SELL,NORMAL
2024-11-18 11:14:35,172.62,173.1,516,831,BUY,NORMAL
2024-11-18 11:14:36,125.58,125.97,804,528,HOLD,DROP
2024-11-18 11:14:37,139.16,139.32,654,371,HOLD,SPIKE
2024-11-18 11:14:38,130.11,130.27,466,659,BUY,SPIKE
2024-11-18 11:14:39,189.29,189.53,439,685,SELL,NORMAL
2024-11-18 11:14:40,158.78,159.08,932,966,SELL,SPIKE
2024-11-18 11:14:41,136.04,136.53,809,373,HOLD,NORMAL
2024-11-18 11:14:42,196.84,197.33,769,128,SELL,NORMAL
2024-11-18 11:14:43,122.67,122.95,138,182,BUY,SPIKE
2024-11-18 11:14:44,157.39,157.52,196,24,SELL,DROP
2024-11-18 11:14:45,185.41,185.71,237,224,HOLD,DROP
2024-11-18 11:14:46,170.81,171.24,309,75,HOLD,SPIKE
2024-11-18 11:14:47,143.25,143.27,149,90,BUY,NORMAL
2024-11-18 11:14:48,135.66,135.97,707,219,BUY,SPIKE
2024-11-18 11:14:49,135.31,135.7,22,939,BUY,NORMAL
2024-11-18 11:14:50,147.9,148.21,346,360,BUY,SPIKE
2024-11-18 11:14:51,199.43,199.91,980,815,BUY,SPIKE
2024-11-18 11:14:52,197.84,198.15,488,177,HOLD,SPIKE
2024-11-18 11:14:53,107.1,107.37,585,582,SELL,NORMAL
2024-11-18 11:14:54,111.62,111.67,256,103,SELL,SPIKE
2024-11-18 11:14:55,137.31,137.75,270,931,SELL,NORMAL
2024-11-18 11:14:56,131.93,132.04,910,356,SELL,DROP
2024-11-18 11:14:57,178.51,179.03,682,450,HOLD,SPIKE
2024-11-18 11:14:58,139.88,140.35,520,406,BUY,SPIKE
2024-11-18 11:14:59,142.2,142.26,997,627,SELL,SPIKE
2024-11-18 11:15:00,131.45,131.69,923,417,HOLD,DROP
2024-11-18 11:15:01,102.02,102.42,743,591,BUY,SPIKE
2024-11-18 11:15:02,139.51,139.61,574,335,HOLD,NORMAL
2024-11-18 11:15:03,126.75,126.91,303,185,SELL,DROP
2024-11-18 11:15:04,110.9,111.02,63,750,BUY,SPIKE
2024-11-18 11:15:05,186.05,186.12,314,15,BUY,DROP
2024-11-18 11:15:06,112.95,113.42,214,857,SELL,NORMAL
2024-11-18 11:15:07,166.68,166.86,206,955,HOLD,SPIKE
2024-11-18 11:15:08,172.01,172.36,14,49,SELL,NORMAL
2024-11-18 11:15:09,117.26,117.67,345,732,HOLD,DROP
2024-11-18 11:15:10,169.22,169.38,428,464,HOLD,NORMAL
2024-11-18 11:15:11,129.83,129.88,427,587,BUY,SPIKE
2024-11-18 11:15:12,123.25,123.72,431,413,SELL,DROP
2024-11-18 11:15:13,188.91,189.38,355,316,HOLD,NORMAL
2024-11-18 11:15:14,188.99,189.49,780,33,BUY,DROP
2024-11-18 11:15:15,113.23,113.45,367,379,BUY,DROP
2024-11-18 11:15:16,139.13,139.3,97,81,BUY,SPIKE
2024-11-18 11:15:17,134.74,134.94,807,469,BUY,DROP
2024-11-18 11:15:18,180.74,181.21,997,601,HOLD,SPIKE
2024-11-18 11:15:19,140.77,141.2,100,942,SELL,NORMAL
2024-11-18 11:15:20,176.21,176.63,300,163,SELL,NORMAL
2024-11-18 11:15:21,113.36,113.83,447,933,BUY,DROP
2024-11-18 11:15:22,169.56,169.9,110,583,SELL,SPIKE
2024-11-18 11:15:23,190.2,190.29,583,586,BUY,SPIKE
2024-11-18 11:15:24,197.11,197.41,773,900,HOLD,SPIKE
2024-11-18 11:15:25,180.98,181.37,327,626,BUY,SPIKE
2024-11-18 11:15:26,163.05,163.3,112,181,HOLD,DROP
2024-11-18 11:15:27,184.04,184.21,126,540,HOLD,NORMAL
2024-11-18 11:15:28,112.54,113.01,743,643,BUY,NORMAL
2024-11-18 11:15:29,155.5,155.88,265,913,SELL,SPIKE
2024-11-18 11:15:30,165.36,165.8,673,10,HOLD,NORMAL
2024-11-18 11:15:31,102.24,102.53,804,322,HOLD,SPIKE
2024-11-18 11:15:32,119.71,120.12,936,716,HOLD,DROP
2024-11-18 11:15:33,108.06,108.49,816,72,HOLD,SPIKE
2024-11-18 11:15:34,116.02,116.08,165,975,BUY,NORMAL
2024-11-18 11:15:35,101.09,101.3,48,668,SELL,DROP
2024-11-18 11:15:37,141.4,141.74,659,928,BUY,SPIKE
2024-11-18 11:15:38,146.3,146.65,993,840,SELL,SPIKE
2024-11-18 11:15:39,112.44,112.91,855,334,HOLD,SPIKE
2024-11-18 11:15:40,136.08,136.27,450,166,HOLD,NORMAL
2024-11-18 11:15:41,194.08,194.15,827,104,SELL,SPIKE
2024-11-18 11:15:42,152.58,152.82,562,485,SELL,SPIKE
2024-11-18 11:15:43,144.58,145.01,571,841,HOLD,SPIKE
2024-11-18 11:15:44,102.08,102.25,556,112,HOLD,NORMAL
2024-11-18 11:15:45,178.3,178.42,362,628,BUY,SPIKE
2024-11-18 11:15:46,127.19,127.41,32,964,BUY,SPIKE
2024-11-18 11:15:47,124.5,124.8,595,715,SELL,SPIKE
2024-11-18 11:15:48,147.17,147.24,372,421,HOLD,NORMAL
2024-11-18 11:15:49,106.74,107.2,862,792,SELL,SPIKE
2024-11-18 11:15:50,129.25,129.47,91,599,SELL,SPIKE
2024-11-18 11:15:51,148.47,148.9,91,882,BUY,NORMAL
2024-11-18 11:15:52,186.73,186.75,920,671,HOLD,DROP
2024-11-18 11:15:53,124.95,125.11,135,146,HOLD,NORMAL
2024-11-18 11:15:54,159.37,159.64,949,235,BUY,NORMAL
2024-11-18 11:15:55,209.3,209.32,148,44,SELL,SPIKE
2024-11-18 11:15:56,171.13,171.39,891,519,BUY,NORMAL
2024-11-18 11:15:57,100.7,100.79,503,193,SELL,NORMAL
2024-11-18 11:15:58,169.5,169.58,434,257,HOLD,NORMAL
2024-11-18 11:15:59,181.0,181.06,251,814,BUY,SPIKE
2024-11-18 11:16:00,159.62,159.74,106,886,SELL,DROP
2024-11-18 11:16:01,116.36,116.74,694,124,BUY,NORMAL
2024-11-18 11:16:02,111.61,111.96,130,183,BUY,DROP
2024-11-18 11:16:03,127.78,128.0,91,333,HOLD,DROP
2024-11-18 11:16:04,176.78,177.08,551,190,SELL,SPIKE
2024-11-18 11:16:05,167.45,167.88,398,52,SELL,SPIKE
2024-11-18 11:16:06,189.83,189.9,544,691,BUY,NORMAL
2024-11-18 11:16:07,164.54,164.79,893,523,BUY,SPIKE
2024-11-18 11:16:08,177.92,178.18,875,510,HOLD,DROP
2024-11-18 11:16:09,122.95,123.36,577,622,BUY,NORMAL
2024-11-18 11:16:10,187.48,187.7,771,150,SELL,NORMAL
2024-11-18 11:16:11,189.95,190.27,955,879,HOLD,NORMAL
2024-11-18 11:16:12,144.29,144.37,166,501,BUY,DROP
2024-11-18 11:16:13,191.46,191.86,352,514,HOLD,SPIKE
2024-11-18 11:16:14,134.03,134.43,574,209,HOLD,NORMAL
2024-11-18 11:16:15,142.76,143.06,114,98,BUY,NORMAL
2024-11-18 11:16:16,115.26,115.57,453,54,SELL,NORMAL
2024-11-18 11:16:17,101.19,101.59,230,638,HOLD,NORMAL
2024-11-18 11:16:18,103.37,103.6,649,346,SELL,NORMAL
2024-11-18 11:16:19,187.07,187.29,829,874,HOLD,DROP
2024-11-18 11:16:20,170.78,170.98,900,634,HOLD,NORMAL
2024-11-18 11:16:21,169.04,169.45,444,474,BUY,DROP
2024-11-18 11:16:22,179.91,180.1,264,713,SELL,NORMAL
2024-11-18 11:16:23,186.99,187.04,721,200,SELL,SPIKE
2024-11-18 11:16:24,141.6,141.98,833,441,SELL,SPIKE
2024-11-18 11:16:25,106.55,106.97,492,610,BUY,NORMAL
2024-11-18 11:16:26,164.53,164.96,208,205,BUY,NORMAL
2024-11-18 11:16:27,122.93,123.25,87,341,HOLD,SPIKE
2024-11-18 11:16:28,156.27,156.72,304,711,BUY,DROP
2024-11-18 11:16:29,117.33,117.54,59,824,BUY,DROP
2024-11-18 11:16:30,143.76,144.19,937,867,BUY,DROP
2024-11-18 11:16:31,113.91,114.0,712,517,BUY,NORMAL
2024-11-18 11:16:32,139.18,139.25,469,445,HOLD,SPIKE
2024-11-18 11:16:33,160.83,161.07,650,64,SELL,NORMAL
2024-11-18 11:16:34,130.13,130.49,996,884,BUY,SPIKE
2024-11-18 11:16:35,156.66,156.82,730,800,SELL,DROP
2024-11-18 11:16:36,189.24,189.57,817,761,SELL,DROP
2024-11-18 11:16:37,115.33,115.66,146,64,SELL,NORMAL
2024-11-18 11:16:38,117.06,117.22,452,171,BUY,SPIKE
2024-11-18 11:16:39,162.22,162.56,357,232,BUY,DROP
2024-11-18 11:16:40,147.03,147.51,362,287,BUY,DROP
2024-11-18 11:16:41,144.2,144.69,555,387,BUY,NORMAL
2024-11-18 11:16:42,110.3,110.57,142,489,SELL,SPIKE
2024-11-18 11:16:43,125.43,125.51,374,277,SELL,SPIKE
2024-11-18 11:16:44,165.8,165.97,819,193,BUY,DROP
2024-11-18 11:16:45,110.98,110.99,586,647,SELL,SPIKE
2024-11-18 11:16:46,169.84,169.97,163,915,SELL,SPIKE
2024-11-18 11:16:47,174.49,174.87,46,64,HOLD,DROP
2024-11-18 11:16:48,129.56,129.95,521,956,HOLD,SPIKE
2024-11-18 11:16:49,105.47,105.87,981,728,BUY,NORMAL
2024-11-18 11:16:50,129.76,130.17,550,555,SELL,NORMAL
2024-11-18 11:16:51,205.0,205.53,599,323,BUY,SPIKE
2024-11-18 11:16:52,173.3,173.55,924,925,SELL,DROP
2024-11-18 11:16:53,150.8,151.21,39,167,HOLD,SPIKE
2024-11-18 11:16:54,159.36,159.38,386,207,SELL,SPIKE
2024-11-18 11:16:55,135.8,136.21,60,794,HOLD,SPIKE
2024-11-18 11:16:56,157.98,158.11,963,930,BUY,NORMAL
2024-11-18 11:16:57,171.08,171.42,224,588,HOLD,NORMAL
2024-11-18 11:16:58,184.32,184.49,126,830,SELL,SPIKE
2024-11-18 11:16:59,177.67,177.98,620,314,HOLD,SPIKE
2024-11-18 11:17:00,167.68,167.69,951,539,HOLD,SPIKE
2024-11-18 11:17:01,189.53,189.8,437,485,BUY,DROP
2024-11-18 11:17:02,176.27,176.43,243,919,BUY,DROP
2024-11-18 11:17:03,146.07,146.44,298,631,HOLD,DROP
2024-11-18 11:17:04,154.5,154.69,776,213,BUY,DROP
2024-11-18 11:17:05,165.05,165.51,664,700,BUY,SPIKE
2024-11-18 11:17:06,177.22,177.55,155,266,SELL,SPIKE
2024-11-18 11:17:07,152.52,152.63,926,795,BUY,SPIKE
2024-11-18 11:17:08,152.74,153.13,14,646,SELL,SPIKE
2024-11-18 11:17:09,164.44,164.67,819,189,SELL,NORMAL
2024-11-18 11:17:10,121.42,121.44,652,526,HOLD,NORMAL
2024-11-18 11:17:11,147.22,147.38,849,423,HOLD,NORMAL
2024-11-18 11:17:12,100.95,101.29,931,533,SELL,DROP
2024-11-18 11:17:13,129.67,129.7,757,497,HOLD,SPIKE
2024-11-18 11:17:14,161.4,161.45,910,557,SELL,DROP
2024-11-18 11:17:15,135.78,135.83,507,522,BUY,NORMAL
2024-11-18 11:17:16,114.31,114.8,992,786,SELL,SPIKE
2024-11-18 11:17:17,179.66,179.81,31,627,BUY,SPIKE
2024-11-18 11:17:18,177.03,177.31,880,230,SELL,SPIKE
2024-11-18 11:17:19,185.96,186.35,382,395,SELL,SPIKE
2024-11-18 11:17:20,119.73,120.2,399,966,BUY,SPIKE
2024-11-18 11:17:21,169.71,169.94,913,451,BUY,DROP
2024-11-18 11:17:22,120.61,120.81,240,964,HOLD,DROP
2024-11-18 11:17:23,164.48,164.74,534,52,BUY,NORMAL
2024-11-18 11:17:24,167.94,168.04,300,650,SELL,DROP
2024-11-18 11:17:25,134.08,134.41,711,230,BUY,SPIKE
2024-11-18 11:17:26,118.19,118.53,809,971,HOLD,NORMAL
2024-11-18 11:17:27,117.98,118.23,652,943,HOLD,SPIKE
2024-11-18 11:17:28,180.11,180.46,970,303,HOLD,DROP
2024-11-18 11:17:29,121.26,121.46,954,320,HOLD,DROP
2024-11-18 11:17:30,185.57,186.03,501,612,HOLD,SPIKE
2024-11-18 11:17:31,160.35,160.42,318,433,HOLD,NORMAL
2024-11-18 11:17:32,131.25,131.73,806,657,SELL,NORMAL
2024-11-18 11:17:33,122.27,122.52,504,414,BUY,SPIKE
2024-11-18 11:17:34,129.04,129.42,992,52,SELL,DROP
2024-11-18 11:17:35,110.51,110.57,844,497,HOLD,SPIKE
2024-11-18 11:17:36,166.47,166.93,186,149,HOLD,DROP
2024-11-18 11:17:37,198.85,198.93,164,408,BUY,DROP
2024-11-18 11:17:38,175.91,175.92,973,373,HOLD,SPIKE
2024-11-18 11:17:39,125.65,125.86,628,751,SELL,NORMAL
2024-11-18 11:17:40,172.69,173.1,836,697,SELL,SPIKE
2024-11-18 11:17:41,198.84,199.18,867,297,BUY,DROP
2024-11-18 11:17:42,117.77,118.02,220,779,HOLD,NORMAL
2024-11-18 11:17:43,125.4,125.73,938,254,SELL,DROP
2024-11-18 11:17:44,125.88,125.92,795,46,HOLD,NORMAL
2024-11-18 11:17:45,151.32,151.38,107,656,SELL,DROP
2024-11-18 11:17:46,106.89,107.05,221,708,BUY,SPIKE
2024-11-18 11:17:47,166.52,167.0,318,177,BUY,DROP
2024-11-18 11:17:48,141.37,141.51,776,842,HOLD,DROP
2024-11-18 11:17:49,122.9,123.1,390,399,HOLD,DROP
2024-11-18 11:17:50,135.01,135.2,542,795,BUY,SPIKE
2024-11-18 11:17:51,170.24,170.43,76,647,BUY,NORMAL
2024-11-18 11:17:52,185.96,186.08,922,845,BUY,NORMAL
2024-11-18 11:17:53,151.0,151.42,859,283,SELL,NORMAL
2024-11-18 11:17:54,146.68,146.87,253,898,BUY,NORMAL
2024-11-18 11:17:55,123.48,123.93,629,216,HOLD,DROP
2024-11-18 11:17:56,123.37,123.67,290,502,HOLD,SPIKE
2024-11-18 11:17:57,191.41,191.7,693,978,BUY,NORMAL
2024-11-18 11:17:58,127.8,128.26,253,38,SELL,NORMAL
2024-11-18 11:17:59,171.08,171.51,513,148,HOLD,NORMAL
2024-11-18 11:18:00,111.96,112.06,682,766,HOLD,DROP
2024-11-18 11:18:01,157.78,158.03,219,188,SELL,NORMAL
2024-11-18 11:18:02,128.65,128.84,391,35,HOLD,NORMAL
2024-11-18 11:18:03,155.98,156.16,63,116,HOLD,SPIKE
2024-11-18 11:18:04,139.84,139.89,178,421,BUY,NORMAL
2024-11-18 11:18:05,174.2,174.5,956,99,BUY,NORMAL
2024-11-18 11:18:06,115.56,115.59,202,299,BUY,NORMAL
2024-11-18 11:18:07,191.85,192.34,965,331,SELL,NORMAL
2024-11-18 11:18:08,116.28,116.35,174,58,BUY,SPIKE
2024-11-18 11:18:09,172.76,172.77,142,576,SELL,DROP
2024-11-18 11:18:10,183.05,183.54,672,516,SELL,SPIKE
2024-11-18 11:18:11,192.65,192.9,269,679,BUY,NORMAL
2024-11-18 11:18:12,142.54,142.83,396,401,SELL,NORMAL
2024-11-18 11:18:13,146.01,146.3,300,877,HOLD,DROP
2024-11-18 11:18:14,149.63,149.94,231,187,HOLD,SPIKE
2024-11-18 11:18:15,101.1,101.39,20,276,SELL,DROP
2024-11-18 11:18:16,146.28,146.42,603,744,SELL,NORMAL
2024-11-18 11:18:17,146.05,146.16,217,477,BUY,DROP
2024-11-18 11:18:18,199.68,199.79,102,200,BUY,DROP
2024-11-18 11:18:19,170.87,170.97,849,1000,HOLD,DROP
2024-11-18 11:18:20,155.12,155.17,943,134,SELL,SPIKE
2024-11-18 11:18:21,106.53,107.0,627,409,SELL,SPIKE
2024-11-18 11:18:22,191.2,191.54,383,416,SELL,NORMAL
2024-11-18 11:18:23,119.85,120.12,373,597,BUY,DROP
2024-11-18 11:18:24,153.18,153.33,379,685,HOLD,SPIKE
2024-11-18 11:18:25,154.12,154.36,798,710,SELL,SPIKE
2024-11-18 11:18:26,136.54,136.87,989,404,HOLD,SPIKE
2024-11-18 11:18:27,195.31,195.4,695,521,HOLD,DROP
2024-11-18 11:18:28,136.97,137.03,498,174,HOLD,DROP
2024-11-18 11:18:29,100.11,100.52,889,670,BUY,NORMAL
2024-11-18 11:18:30,144.22,144.56,229,534,SELL,DROP
2024-11-18 11:18:31,163.01,163.05,405,418,SELL,NORMAL
2024-11-18 11:18:32,188.74,188.84,734,491,SELL,NORMAL
2024-11-18 11:18:33,103.14,103.44,706,330,HOLD,NORMAL
2024-11-18 11:18:34,166.42,166.85,659,566,SELL,NORMAL
2024-11-18 11:18:35,120.11,120.18,16,295,SELL,DROP
2024-11-18 11:18:36,127.17,127.29,738,694,BUY,DROP
2024-11-18 11:18:37,139.71,139.79,152,537,SELL,NORMAL
2024-11-18 11:18:38,142.63,142.99,840,224,BUY,SPIKE
2024-11-18 11:18:39,171.4,171.8,349,423,BUY,NORMAL
2024-11-18 11:18:40,169.92,170.23,168,51,BUY,NORMAL
2024-11-18 11:18:41,168.2,168.59,250,642,HOLD,NORMAL
2024-11-18 11:18:42,205.92,206.4,871,366,BUY,SPIKE
2024-11-18 11:18:43,173.38,173.74,174,777,SELL,SPIKE
2024-11-18 11:18:44,140.63,141.09,356,385,SELL,DROP
2024-11-18 11:18:45,160.13,160.18,319,505,HOLD,DROP
2024-11-18 11:18:46,113.94,114.04,786,174,SELL,NORMAL
2024-11-18 11:18:47,126.03,126.52,543,828,BUY,NORMAL
2024-11-18 11:18:48,140.87,140.92,482,676,SELL,DROP
2024-11-18 11:18:49,107.41,107.73,585,547,SELL,SPIKE
2024-11-18 11:18:50,104.47,104.96,335,387,HOLD,NORMAL
2024-11-18 11:18:51,131.61,132.07,75,255,BUY,SPIKE
2024-11-18 11:18:52,114.8,114.84,523,666,HOLD,SPIKE
2024-11-18 11:18:53,146.62,146.69,266,582,SELL,DROP
2024-11-18 11:18:54,112.39,112.51,265,831,BUY,DROP
2024-11-18 11:18:55,127.33,127.57,181,744,BUY,SPIKE
2024-11-18 11:18:56,144.25,144.57,776,373,SELL,DROP
2024-11-18 11:18:57,181.86,182.11,826,36,SELL,SPIKE
2024-11-18 11:18:58,161.8,162.17,764,853,BUY,NORMAL
2024-11-18 11:18:59,153.95,154.11,586,972,SELL,DROP
2024-11-18 11:19:00,186.69,187.04,855,534,SELL,SPIKE
2024-11-18 11:19:01,123.71,123.96,645,469,BUY,DROP
2024-11-18 11:19:02,168.35,168.74,714,483,BUY,DROP
2024-11-18 11:19:03,114.11,114.5,44,861,SELL,SPIKE
2024-11-18 11:19:04,102.99,103.26,523,643,SELL,DROP
2024-11-18 11:19:05,161.72,161.98,154,425,BUY,NORMAL
2024-11-18 11:19:06,162.59,162.6,167,274,HOLD,DROP
2024-11-18 11:19:07,196.5,196.82,614,227,BUY,NORMAL
2024-11-18 11:19:08,195.57,195.69,194,298,BUY,SPIKE
2024-11-18 11:19:09,178.9,179.07,334,545,HOLD,DROP
2024-11-18 11:19:10,135.22,135.26,39,838,SELL,NORMAL
2024-11-18 11:19:11,103.05,103.34,414,398,SELL,NORMAL
2024-11-18 11:19:12,117.11,117.26,517,511,BUY,DROP
2024-11-18 11:19:13,132.16,132.39,326,464,HOLD,NORMAL
2024-11-18 11:19:14,193.26,193.43,973,270,HOLD,DROP
2024-11-18 11:19:15,139.63,139.88,160,508,BUY,NORMAL
2024-11-18 11:19:16,103.99,104.17,675,548,SELL,NORMAL
2024-11-18 11:19:17,162.5,162.65,48,772,BUY,DROP
2024-11-18 11:19:18,135.3,135.52,995,654,HOLD,DROP
2024-11-18 11:19:19,137.52,137.6,766,833,SELL,SPIKE
2024-11-18 11:19:20,136.64,137.0,211,548,HOLD,DROP
2024-11-18 11:19:21,148.02,148.38,102,630,BUY,NORMAL
2024-11-18 11:19:22,100.52,100.75,306,232,BUY,NORMAL
2024-11-18 11:19:23,174.02,174.34,76,156,SELL,DROP
2024-11-18 11:19:24,183.6,184.1,561,20,SELL,NORMAL
2024-11-18 11:19:25,183.32,183.47,987,499,BUY,DROP
2024-11-18 11:19:26,192.34,192.81,338,302,HOLD,SPIKE
2024-11-18 11:19:27,163.51,163.94,756,229,SELL,DROP
2024-11-18 11:19:28,129.56,129.91,470,440,SELL,DROP
2024-11-18 11:19:29,158.96,159.0,829,296,SELL,DROP
2024-11-18 11:19:30,145.49,145.78,700,525,SELL,NORMAL
2024-11-18 11:19:31,161.3,161.34,377,656,BUY,SPIKE
2024-11-18 11:19:32,118.74,118.9,598,12,SELL,NORMAL
2024-11-18 11:19:33,159.12,159.26,590,571,SELL,DROP
2024-11-18 11:19:34,161.09,161.3,16,790,SELL,NORMAL
2024-11-18 11:19:35,169.86,170.24,688,178,BUY,NORMAL
2024-11-18 11:19:36,159.59,159.66,686,706,HOLD,SPIKE
2024-11-18 11:19:37,184.37,184.78,831,52,HOLD,SPIKE
2024-11-18 11:19:38,166.97,167.41,777,108,SELL,SPIKE
2024-11-18 11:19:39,110.64,110.82,502,397,BUY,NORMAL
2024-11-18 11:19:40,190.6,191.04,917,952,HOLD,SPIKE
2024-11-18 11:19:41,128.09,128.12,815,842,HOLD,DROP
2024-11-18 11:19:42,113.73,113.88,679,935,BUY,SPIKE
2024-11-18 11:19:43,184.92,185.18,992,176,BUY,NORMAL
2024-11-18 11:19:44,170.22,170.64,188,582,BUY,SPIKE
2024-11-18 11:19:45,120.61,120.96,118,304,HOLD,NORMAL
2024-11-18 11:19:46,198.55,199.01,744,834,HOLD,DROP
2024-11-18 11:19:47,137.74,138.03,212,593,SELL,SPIKE
2024-11-18 11:19:48,117.67,117.69,89,776,BUY,SPIKE
2024-11-18 11:19:49,119.47,119.89,315,573,HOLD,SPIKE
2024-11-18 11:19:50,121.38,121.72,897,757,SELL,DROP
2024-11-18 11:19:51,196.3,196.56,515,695,HOLD,DROP
2024-11-18 11:19:52,152.29,152.75,239,867,BUY,NORMAL
2024-11-18 11:19:53,169.25,169.73,363,624,HOLD,DROP
2024-11-18 11:19:54,145.99,146.2,165,413,SELL,SPIKE
2024-11-18 11:19:55,105.87,106.08,614,932,SELL,SPIKE
2024-11-18 11:19:56,153.91,154.02,977,495,SELL,SPIKE
2024-11-18 11:19:57,164.84,165.21,277,315,SELL,DROP
2024-11-18 11:19:58,118.02,118.38,197,480,SELL,DROP
2024-11-18 11:19:59,188.19,188.29,888,426,SELL,NORMAL
2024-11-18 11:20:00,153.23,153.39,813,522,HOLD,DROP
2024-11-18 11:20:01,170.46,170.82,437,396,HOLD,NORMAL
2024-11-18 11:20:02,184.77,184.93,78,902,BUY,SPIKE
2024-11-18 11:20:03,119.47,119.66,502,140,SELL,SPIKE
2024-11-18 11:20:04,134.47,134.49,99,563,BUY,NORMAL
2024-11-18 11:20:05,111.71,112.03,20,361,BUY,SPIKE
2024-11-18 11:20:06,146.79,146.8,1000,935,SELL,SPIKE
2024-11-18 11:20:07,117.0,117.33,874,319,HOLD,SPIKE
2024-11-18 11:20:08,197.82,198.26,467,764,HOLD,NORMAL
2024-11-18 11:20:09,149.6,150.06,498,246,HOLD,SPIKE
2024-11-18 11:20:10,162.35,162.66,87,450,SELL,NORMAL
2024-11-18 11:20:11,125.14,125.32,778,220,SELL,DROP
2024-11-18 11:20:12,168.15,168.64,405,755,BUY,SPIKE
2024-11-18 11:20:13,138.73,138.86,173,318,HOLD,DROP
2024-11-18 11:20:14,195.25,195.58,89,576,HOLD,SPIKE
2024-11-18 11:20:15,125.57,125.96,137,866,SELL,NORMAL
2024-11-18 11:20:16,127.68,128.08,31,258,SELL,DROP
2024-11-18 11:20:17,107.68,108.06,37,619,BUY,DROP
2024-11-18 11:20:18,119.25,119.44,237,83,HOLD,NORMAL
2024-11-18 11:20:19,153.31,153.57,325,796,BUY,SPIKE
2024-11-18 11:20:20,184.31,184.55,440,900,HOLD,DROP
2024-11-18 11:20:21,125.46,125.48,786,321,SELL,NORMAL
2024-11-18 11:20:22,177.08,177.39,946,430,HOLD,DROP
2024-11-18 11:20:23,171.71,172.04,467,58,HOLD,NORMAL
2024-11-18 11:20:24,105.9,106.0,562,66,BUY,NORMAL
2024-11-18 11:20:25,133.08,133.33,546,611,HOLD,SPIKE
2024-11-18 11:20:26,107.21,107.56,838,893,BUY,SPIKE
2024-11-18 11:20:27,107.63,108.07,298,129,SELL,SPIKE
2024-11-18 11:20:28,138.56,138.86,20,413,SELL,DROP
2024-11-18 11:20:29,106.01,106.31,323,68,HOLD,SPIKE
2024-11-18 11:20:30,108.75,108.78,44,561,HOLD,DROP
2024-11-18 11:20:31,199.68,199.96,206,580,SELL,SPIKE
2024-11-18 11:20:32,167.9,168.01,779,891,SELL,NORMAL
2024-11-18 11:20:33,110.9,111.38,124,549,HOLD,SPIKE
2024-11-18 11:20:34,159.74,160.08,882,487,SELL,DROP
2024-11-18 11:20:35,184.27,184.51,706,334,BUY,DROP
2024-11-18 11:20:36,196.57,196.94,265,370,HOLD,SPIKE
2024-11-18 11:20:37,155.4,155.44,539,847,HOLD,SPIKE
2024-11-18 11:20:38,132.63,133.12,880,533,BUY,DROP
2024-11-18 11:20:39,144.48,144.83,841,759,HOLD,SPIKE
2024-11-18 11:20:40,127.35,127.59,602,542,BUY,SPIKE
2024-11-18 11:20:41,131.5,131.85,327,632,SELL,DROP
2024-11-18 11:20:42,108.47,108.84,738,450,HOLD,DROP
2024-11-18 11:20:43,192.15,192.19,270,962,HOLD,NORMAL
2024-11-18 11:20:44,164.74,165.22,434,573,SELL,NORMAL
2024-11-18 11:20:45,190.71,191.04,803,134,SELL,SPIKE
2024-11-18 11:20:46,113.5,113.76,82,138,HOLD,DROP
2024-11-18 11:20:47,109.69,109.72,102,113,SELL,NORMAL
2024-11-18 11:20:48,126.59,126.78,351,319,SELL,NORMAL
2024-11-18 11:20:49,175.19,175.57,73,788,HOLD,NORMAL
2024-11-18 11:20:50,166.88,167.2,690,994,BUY,SPIKE
2024-11-18 11:20:51,101.51,101.89,685,464,BUY,DROP
2024-11-18 11:20:52,177.0,177.35,249,981,HOLD,DROP
2024-11-18 11:20:53,148.04,148.51,89,519,SELL,DROP
2024-11-18 11:20:54,196.99,197.4,867,30,BUY,SPIKE
2024-11-18 11:20:55,196.81,196.83,556,120,BUY,NORMAL
2024-11-18 11:20:56,193.45,193.61,140,733,HOLD,DROP
2024-11-18 11:20:57,196.91,197.2,824,12,HOLD,DROP
2024-11-18 11:20:58,147.03,147.48,955,814,BUY,NORMAL
2024-11-18 11:20:59,115.7,115.91,732,175,BUY,DROP
2024-11-18 11:21:00,140.98,141.24,488,228,SELL,NORMAL
2024-11-18 11:21:01,168.83,169.3,557,563,SELL,DROP
2024-11-18 11:21:02,129.3,129.6,773,681,BUY,DROP
2024-11-18 11:21:03,112.93,113.28,810,708,HOLD,SPIKE
2024-11-18 11:21:04,185.09,185.59,493,534,HOLD,NORMAL
2024-11-18 11:21:05,147.62,147.92,722,966,HOLD,NORMAL
2024-11-18 11:21:06,188.98,189.34,781,197,BUY,SPIKE
2024-11-18 11:21:07,105.29,105.4,337,936,HOLD,DROP
2024-11-18 11:21:08,101.84,102.31,41,951,BUY,NORMAL
2024-11-18 11:21:09,123.87,123.95,939,126,SELL,SPIKE
2024-11-18 11:21:10,195.53,195.76,734,185,HOLD,SPIKE
2024-11-18 11:21:11,140.44,140.45,330,847,SELL,DROP
2024-11-18 11:21:12,124.76,124.95,282,979,HOLD,NORMAL
2024-11-18 11:21:13,145.09,145.11,409,532,HOLD,SPIKE
2024-11-18 11:21:14,180.87,181.16,683,332,BUY,NORMAL
2024-11-18 11:21:15,163.44,163.65,542,711,BUY,SPIKE
2024-11-18 11:21:16,154.13,154.33,882,89,HOLD,SPIKE
2024-11-18 11:21:17,150.82,151.15,744,439,BUY,SPIKE
2024-11-18 11:21:18,130.94,131.11,585,298,BUY,NORMAL
2024-11-18 11:21:19,163.22,163.65,66,452,SELL,SPIKE
2024-11-18 11:21:20,120.41,120.53,478,68,HOLD,SPIKE
2024-11-18 11:21:21,197.56,197.96,991,501,HOLD,NORMAL
2024-11-18 11:21:22,159.66,160.12,151,173,HOLD,DROP
2024-11-18 11:21:23,137.04,137.17,754,226,HOLD,NORMAL
2024-11-18 11:21:24,106.48,106.82,875,444,BUY,SPIKE
2024-11-18 11:21:25,170.32,170.6,73,83,BUY,SPIKE
2024-11-18 11:21:26,134.58,134.6,359,535,HOLD,DROP
2024-11-18 11:21:27,136.29,136.59,348,95,BUY,NORMAL
2024-11-18 11:21:28,106.93,107.04,22,756,SELL,DROP
2024-11-18 11:21:29,195.53,196.0,992,760,BUY,NORMAL
2024-11-18 11:21:30,103.62,103.99,945,515,BUY,DROP
2024-11-18 11:21:31,173.34,173.5,223,271,SELL,DROP
2024-11-18 11:21:32,119.96,120.25,485,588,BUY,DROP
2024-11-18 11:21:33,140.69,140.79,676,931,BUY,SPIKE
2024-11-18 11:21:34,131.94,132.26,542,138,HOLD,NORMAL
2024-11-18 11:21:35,190.14,190.53,787,36,HOLD,SPIKE
2024-11-18 11:21:36,197.26,197.65,128,274,BUY,NORMAL
2024-11-18 11:21:37,165.21,165.56,264,649,SELL,NORMAL
2024-11-18 11:21:38,142.44,142.62,183,547,SELL,NORMAL
2024-11-18 11:21:39,155.61,155.87,339,170,BUY,DROP
2024-11-18 11:21:40,118.82,119.06,873,684,HOLD,SPIKE
2024-11-18 11:21:41,153.99,154.41,268,627,SELL,SPIKE
2024-11-18 11:21:42,119.15,119.42,654,319,SELL,SPIKE
2024-11-18 11:21:43,114.93,115.03,349,214,BUY,DROP
2024-11-18 11:21:44,124.57,124.58,377,549,HOLD,DROP
2024-11-18 11:21:45,163.2,163.57,772,786,HOLD,SPIKE
2024-11-18 11:21:46,122.89,123.07,217,385,BUY,NORMAL
2024-11-18 11:21:47,110.78,110.91,377,205,BUY,SPIKE
2024-11-18 11:21:48,147.83,147.89,336,52,BUY,DROP
2024-11-18 11:21:49,107.62,108.11,773,394,SELL,DROP
2024-11-18 11:21:51,141.71,141.86,668,433,HOLD,SPIKE
2024-11-18 11:21:52,154.55,154.72,698,361,HOLD,NORMAL
2024-11-18 11:21:53,187.79,188.17,751,921,HOLD,NORMAL
2024-11-18 11:21:54,108.91,109.33,40,320,HOLD,NORMAL
2024-11-18 11:21:55,148.26,148.66,274,398,HOLD,DROP
2024-11-18 11:21:56,150.78,151.25,134,996,SELL,SPIKE
2024-11-18 11:24:45,217.26,217.65,767,818,SELL,SPIKE
2024-11-18 11:24:46,170.72,171.07,204,383,HOLD,NORMAL
2024-11-18 11:24:47,186.07,186.52,749,565,SELL,DROP
2024-11-18 11:24:48,199.5,199.64,584,344,HOLD,DROP
2024-11-18 11:24:49,148.55,148.91,851,526,BUY,NORMAL
2024-11-18 11:24:50,125.65,126.08,931,48,HOLD,SPIKE
2024-11-18 11:24:51,120.51,120.67,987,935,BUY,DROP
2024-11-18 11:24:52,175.47,175.86,14,685,SELL,SPIKE
2024-11-18 11:24:53,139.19,139.6,674,210,BUY,DROP
2024-11-18 11:24:54,124.62,124.96,174,72,HOLD,NORMAL
2024-11-18 11:24:55,186.09,186.45,453,197,HOLD,SPIKE
2024-11-18 11:24:56,123.25,123.43,18,31,SELL,SPIKE
2024-11-18 11:24:57,104.15,104.3,570,167,HOLD,DROP
2024-11-18 11:24:58,195.98,196.02,685,277,BUY,DROP
2024-11-18 11:24:59,141.76,142.17,406,175,SELL,NORMAL
2024-11-18 11:25:00,154.61,154.64,482,161,BUY,DROP
2024-11-18 11:25:01,168.62,168.65,453,170,HOLD,NORMAL
2024-11-18 11:25:02,106.7,107.04,534,975,HOLD,SPIKE
2024-11-18 11:25:20,105.76,105.91,670,823,BUY,NORMAL
2024-11-18 11:25:21,137.58,137.85,924,72,BUY,DROP
2024-11-18 11:25:22,118.81,119.13,753,865,BUY,DROP
2024-11-18 11:25:23,156.11,156.13,275,688,BUY,DROP
2024-11-18 11:25:24,106.41,106.67,739,136,BUY,NORMAL
2024-11-18 11:25:25,145.27,145.61,760,274,HOLD,SPIKE
2024-11-18 11:25:26,189.42,189.71,175,917,HOLD,NORMAL
2024-11-18 11:25:27,179.04,179.51,556,670,BUY,NORMAL
2024-11-18 11:25:28,187.41,187.48,844,230,HOLD,NORMAL
2024-11-18 11:25:29,156.7,156.73,797,685,HOLD,DROP
2024-11-18 11:25:30,196.44,196.69,531,874,HOLD,SPIKE
2024-11-18 11:25:31,124.27,124.81,962,779,BUY,SPIKE
2024-11-18 11:25:32,192.25,192.68,69,406,BUY,NORMAL
2024-11-18 11:25:33,137.0,137.39,821,230,HOLD,SPIKE
2024-11-18 11:25:34,172.02,172.24,581,457,HOLD,SPIKE
2024-11-18 11:25:35,121.35,121.84,406,778,BUY,SPIKE
2024-11-18 11:25:36,100.79,100.87,629,68,HOLD,DROP
2024-11-18 11:25:37,183.36,183.82,562,718,SELL,DROP
2024-11-18 11:25:38,135.43,135.75,117,527,BUY,NORMAL
2024-11-18 11:25:39,188.7,188.74,554,483,SELL,NORMAL
2024-11-18 11:25:40,161.12,161.32,993,29,BUY,DROP
2024-11-18 11:25:41,177.83,177.93,596,905,BUY,SPIKE
2024-11-18 11:25:42,195.91,196.23,418,396,BUY,DROP
2024-11-18 11:25:43,181.68,181.99,331,109,HOLD,NORMAL
2024-11-18 11:25:44,133.31,133.33,896,607,SELL,DROP
2024-11-18 11:25:45,141.31,141.54,151,390,HOLD,NORMAL
2024-11-18 11:25:46,144.06,144.37,235,256,HOLD,SPIKE
2024-11-18 11:25:47,140.19,140.43,698,463,HOLD,NORMAL
2024-11-18 11:25:48,106.51,106.66,244,409,SELL,NORMAL
2024-11-18 11:25:49,193.87,194.05,818,532,SELL,DROP
2024-11-18 11:25:50,126.71,126.72,702,244,HOLD,NORMAL
2024-11-18 11:25:51,149.46,149.69,654,831,SELL,NORMAL
2024-11-18 11:25:52,154.95,155.43,943,84,HOLD,SPIKE
2024-11-18 11:25:53,185.71,186.17,655,795,SELL,SPIKE
2024-11-18 11:25:54,105.79,106.27,974,273,SELL,DROP
2024-11-18 11:25:55,199.71,200.11,535,270,HOLD,NORMAL
2024-11-18 11:25:56,108.77,108.81,617,439,BUY,SPIKE
2024-11-18 11:25:57,144.83,145.27,977,645,BUY,SPIKE
2024-11-18 11:25:58,175.28,175.42,124,519,HOLD,DROP
2024-11-18 11:25:59,133.62,134.02,768,220,HOLD,NORMAL
2024-11-18 11:26:00,189.21,189.32,192,79,HOLD,NORMAL
2024-11-18 11:26:01,121.67,121.7,827,591,SELL,DROP
2024-11-18 11:26:02,117.77,118.05,85,820,SELL,SPIKE
2024-11-18 11:26:03,148.88,148.94,146,442,SELL,SPIKE
2024-11-18 11:26:04,138.21,138.41,143,269,BUY,DROP
2024-11-18 11:26:05,182.89,183.32,107,597,HOLD,NORMAL
2024-11-18 11:26:06,192.55,192.93,733,921,BUY,SPIKE
2024-11-18 11:26:07,174.36,174.69,664,815,BUY,NORMAL
2024-11-18 11:26:08,143.24,143.63,668,628,BUY,NORMAL
2024-11-18 11:26:09,132.13,132.16,200,407,HOLD,DROP
2024-11-18 11:26:10,205.89,206.4,189,403,BUY,SPIKE
2024-11-18 11:26:11,110.31,110.33,573,434,SELL,SPIKE
2024-11-18 11:26:12,100.54,100.88,117,883,BUY,DROP
2024-11-18 11:26:13,171.44,171.9,172,280,BUY,DROP
2024-11-18 11:26:14,143.61,143.63,991,108,HOLD,SPIKE
2024-11-18 11:26:15,92.04,92.35,370,865,BUY,DROP
2024-11-18 11:26:16,149.54,149.59,797,775,HOLD,NORMAL
2024-11-18 11:26:17,179.9,179.96,760,444,HOLD,DROP
2024-11-18 11:26:18,103.08,103.23,180,221,SELL,SPIKE
2024-11-18 11:26:19,185.16,185.43,684,668,HOLD,NORMAL
2024-11-18 11:26:20,189.37,189.53,287,664,HOLD,NORMAL
2024-11-18 11:26:21,167.57,167.79,273,321,SELL,SPIKE
2024-11-18 11:26:22,157.5,157.51,443,880,SELL,DROP
2024-11-18 11:26:23,116.17,116.45,773,99,BUY,DROP
2024-11-18 11:26:24,188.58,188.77,243,124,SELL,NORMAL
2024-11-18 11:26:25,176.0,176.35,95,673,SELL,SPIKE
2024-11-18 11:26:26,102.79,102.82,800,864,HOLD,NORMAL
2024-11-18 11:26:27,113.7,114.04,351,20,BUY,DROP
2024-11-18 11:26:28,102.65,102.95,209,953,SELL,DROP
2024-11-18 11:26:29,127.81,127.94,941,91,BUY,SPIKE
2024-11-18 11:26:30,149.79,150.06,593,780,BUY,DROP
2024-11-18 11:26:31,111.59,111.87,935,555,SELL,NORMAL
2024-11-18 11:26:32,101.91,102.21,44,950,HOLD,DROP
2024-11-18 11:26:33,134.33,134.51,653,889,HOLD,DROP
2024-11-18 11:26:34,173.73,174.09,596,617,HOLD,DROP
2024-11-18 11:26:35,156.77,157.15,709,782,BUY,NORMAL
2024-11-18 11:26:36,153.34,153.56,91,487,HOLD,SPIKE
2024-11-18 11:26:37,182.51,182.83,906,615,BUY,NORMAL
2024-11-18 11:26:38,97.56,97.99,384,223,HOLD,DROP
2024-11-18 11:26:39,148.27,148.54,610,998,HOLD,NORMAL
2024-11-18 11:26:40,130.77,131.07,607,899,SELL,DROP
2024-11-18 11:26:41,147.98,148.42,446,473,HOLD,SPIKE
2024-11-18 11:26:42,168.37,168.41,717,575,SELL,NORMAL
2024-11-18 11:26:43,162.27,162.64,559,225,HOLD,DROP
2024-11-18 11:26:44,188.97,189.19,663,986,SELL,NORMAL
2024-11-18 11:26:45,135.0,135.31,84,413,BUY,SPIKE
2024-11-18 11:26:46,142.6,142.71,567,828,BUY,DROP
2024-11-18 11:26:47,177.57,177.73,772,308,BUY,SPIKE
2024-11-18 11:26:48,157.85,158.28,375,547,BUY,SPIKE
2024-11-18 11:26:49,175.87,176.31,513,775,BUY,SPIKE
2024-11-18 11:26:50,121.59,121.66,470,590,BUY,NORMAL
2024-11-18 11:26:51,146.34,146.72,83,204,HOLD,DROP
2024-11-18 11:26:52,141.56,141.69,36,608,SELL,DROP
2024-11-18 11:26:53,149.38,149.75,934,747,HOLD,SPIKE
2024-11-18 11:26:55,119.87,120.1,28,871,SELL,DROP
2024-11-18 11:26:56,142.75,143.07,122,833,HOLD,SPIKE
2024-11-18 11:26:57,184.76,185.2,324,225,SELL,NORMAL
2024-11-18 11:26:58,108.61,109.02,565,534,SELL,SPIKE
2024-11-18 11:26:59,120.52,120.82,946,968,HOLD,SPIKE
2024-11-18 11:27:00,190.96,191.13,992,540,SELL,NORMAL
2024-11-18 11:27:01,157.36,157.37,328,651,SELL,NORMAL
2024-11-18 11:27:02,199.54,200.04,932,763,BUY,NORMAL
2024-11-18 11:27:03,184.7,184.82,590,320,HOLD,NORMAL
2024-11-18 11:27:04,181.09,181.58,965,847,SELL,NORMAL
2024-11-18 11:27:05,139.16,139.62,660,466,SELL,SPIKE
2024-11-18 11:27:06,115.2,115.43,892,277,HOLD,SPIKE
2024-11-18 11:27:07,169.0,169.34,827,161,BUY,SPIKE
2024-11-18 11:27:08,109.61,109.68,167,531,BUY,NORMAL
2024-11-18 11:27:09,170.92,170.96,644,781,BUY,NORMAL
2024-11-18 11:27:10,192.53,192.58,285,465,HOLD,SPIKE
2024-11-18 11:27:11,90.67,90.74,856,419,SELL,DROP
2024-11-18 11:27:12,147.36,147.48,673,100,HOLD,DROP
2024-11-18 11:27:13,178.51,178.91,557,757,SELL,NORMAL
2024-11-18 11:27:14,133.74,133.86,208,951,SELL,NORMAL
2024-11-18 11:27:15,142.46,142.61,836,107,SELL,DROP
2024-11-18 11:27:16,134.6,134.81,492,327,HOLD,SPIKE
2024-11-18 11:27:17,138.22,138.37,890,405,BUY,SPIKE
2024-11-18 11:27:18,100.64,100.86,763,42,BUY,DROP
2024-11-18 11:27:19,194.25,194.29,230,640,HOLD,SPIKE
2024-11-18 11:27:20,186.65,186.81,127,780,SELL,SPIKE
2024-11-18 11:27:21,142.57,142.86,797,548,BUY,NORMAL
2024-11-18 11:27:22,157.36,157.66,72,291,SELL,SPIKE
2024-11-18 11:27:23,157.3,157.51,348,979,BUY,SPIKE
2024-11-18 11:27:24,165.0,165.28,370,997,SELL,SPIKE
2024-11-18 11:27:25,158.39,158.86,970,469,BUY,SPIKE
2024-11-18 11:27:26,101.65,101.72,542,451,SELL,NORMAL
2024-11-18 11:27:27,144.82,145.09,666,975,BUY,SPIKE
2024-11-18 11:27:28,144.12,144.39,611,660,BUY,NORMAL
2024-11-18 11:27:29,147.8,148.18,499,844,SELL,SPIKE
2024-11-18 11:27:30,102.2,102.59,953,698,HOLD,SPIKE
2024-11-18 11:27:31,162.63,162.77,467,576,SELL,NORMAL
2024-11-18 11:27:32,127.97,128.26,603,128,BUY,NORMAL
2024-11-18 11:27:33,154.05,154.3,810,521,SELL,DROP
2024-11-18 11:27:34,121.28,121.58,704,968,HOLD,DROP
2024-11-18 11:27:35,104.09,104.33,274,324,BUY,DROP
2024-11-18 11:27:36,170.56,170.93,509,82,HOLD,SPIKE
2024-11-18 11:27:37,163.45,163.94,756,99,SELL,DROP
2024-11-18 11:27:38,141.61,142.02,155,261,HOLD,DROP
2024-11-18 11:27:39,113.81,114.06,374,63,BUY,DROP
2024-11-18 11:27:40,101.76,102.24,513,668,HOLD,DROP
2024-11-18 11:27:41,179.61,179.9,984,793,BUY,NORMAL
2024-11-18 11:27:42,166.29,166.69,24,364,HOLD,NORMAL
2024-11-18 11:27:43,198.11,198.5,593,427,SELL,DROP
2024-11-18 11:27:44,156.16,156.36,752,289,HOLD,DROP
2024-11-18 11:27:45,184.75,184.83,335,193,BUY,NORMAL
2024-11-18 11:27:46,133.27,133.58,810,227,SELL,NORMAL
2024-11-18 11:27:47,187.31,187.7,941,117,HOLD,DROP
2024-11-18 11:27:48,172.16,172.53,831,464,BUY,SPIKE
2024-11-18 11:27:49,188.16,188.51,445,13,HOLD,DROP
2024-11-18 11:27:50,121.41,121.55,926,456,SELL,NORMAL
2024-11-18 11:27:51,152.95,153.03,631,668,HOLD,DROP
2024-11-18 11:27:52,147.49,147.57,364,943,SELL,SPIKE
2024-11-18 11:27:53,125.28,125.72,416,185,HOLD,DROP
2024-11-18 11:27:54,192.64,192.94,202,588,HOLD,NORMAL
2024-11-18 11:27:55,156.68,156.96,660,296,HOLD,SPIKE
2024-11-18 11:27:56,173.33,173.58,453,848,SELL,DROP
2024-11-18 11:27:57,183.81,183.85,885,754,SELL,NORMAL
2024-11-18 11:27:58,166.5,166.91,489,158,SELL,NORMAL
2024-11-18 11:27:59,168.78,169.15,757,307,HOLD,DROP
2024-11-18 11:28:00,190.21,190.7,12,221,HOLD,DROP
2024-11-18 11:28:01,197.26,197.4,356,759,SELL,DROP
2024-11-18 11:28:02,106.33,106.56,989,505,BUY,SPIKE
2024-11-18 11:28:03,106.05,106.18,736,402,SELL,DROP
2024-11-18 11:28:04,172.29,172.73,61,530,BUY,SPIKE
2024-11-18 11:28:05,137.38,137.62,104,188,SELL,NORMAL
2024-11-18 11:28:06,186.75,186.89,645,59,BUY,SPIKE
2024-11-18 11:28:07,157.46,157.96,71,217,BUY,NORMAL
2024-11-18 11:28:08,147.49,147.87,329,405,BUY,DROP
2024-11-18 11:28:09,141.03,141.26,344,678,BUY,SPIKE
2024-11-18 11:28:10,189.92,190.17,926,981,SELL,NORMAL
2024-11-18 11:28:11,181.71,181.84,802,983,HOLD,SPIKE
2024-11-18 11:28:12,136.63,136.93,432,252,SELL,DROP
2024-11-18 11:28:13,113.94,114.37,919,262,HOLD,NORMAL
2024-11-18 11:28:14,138.19,138.68,399,239,SELL,DROP
2024-11-18 11:28:15,135.0,135.22,767,448,HOLD,DROP
2024-11-18 11:28:16,144.82,145.19,434,245,HOLD,SPIKE
2024-11-18 11:28:17,146.25,146.37,751,65,SELL,DROP
2024-11-18 11:28:18,131.53,131.98,767,563,HOLD,NORMAL
2024-11-18 11:28:19,169.35,169.55,829,302,BUY,NORMAL
2024-11-18 11:28:20,126.12,126.24,638,612,HOLD,NORMAL
2024-11-18 11:28:21,166.53,166.65,611,594,SELL,SPIKE
2024-11-18 11:28:22,131.63,131.93,315,763,HOLD,NORMAL
2024-11-18 11:28:23,158.59,159.04,690,346,BUY,SPIKE
2024-11-18 11:28:24,142.6,142.94,940,236,SELL,DROP
2024-11-18 11:28:25,193.84,194.15,443,919,BUY,DROP
2024-11-18 11:28:26,136.92,137.3,180,858,HOLD,DROP
2024-11-18 11:28:27,129.39,129.79,194,588,HOLD,DROP
2024-11-18 11:28:28,195.03,195.15,885,785,SELL,SPIKE
2024-11-18 11:28:29,131.46,131.61,82,796,HOLD,NORMAL
2024-11-18 11:28:30,185.4,185.58,870,626,SELL,SPIKE
2024-11-18 11:28:31,136.93,137.17,182,407,HOLD,SPIKE
2024-11-18 11:28:32,190.17,190.59,572,149,HOLD,NORMAL
2024-11-18 11:28:33,196.71,196.96,983,777,SELL,SPIKE
2024-11-18 11:28:34,184.22,184.43,563,177,BUY,DROP
2024-11-18 11:28:35,103.3,103.56,377,486,BUY,SPIKE
2024-11-18 11:28:36,189.73,190.14,805,929,SELL,SPIKE
2024-11-18 11:28:37,126.99,127.15,598,165,SELL,SPIKE
2024-11-18 11:28:38,165.36,165.84,454,843,HOLD,DROP
2024-11-18 11:28:39,132.77,133.11,90,831,SELL,SPIKE
2024-11-18 11:28:40,128.55,128.79,283,968,HOLD,DROP
2024-11-18 11:28:41,198.3,198.72,179,161,HOLD,NORMAL
2024-11-18 11:28:42,188.49,188.74,136,595,HOLD,SPIKE
2024-11-18 11:28:43,198.42,198.81,992,669,SELL,SPIKE
2024-11-18 11:28:44,100.11,100.25,949,800,HOLD,NORMAL
2024-11-18 11:28:45,179.3,179.43,94,942,HOLD,SPIKE
2024-11-18 11:28:46,174.87,175.11,320,870,HOLD,NORMAL
2024-11-18 11:28:47,126.08,126.37,90,429,BUY,SPIKE
2024-11-18 11:28:48,180.97,181.3,308,711,HOLD,DROP
2024-11-18 11:28:49,134.22,134.37,521,333,SELL,DROP
2024-11-18 11:28:50,183.22,183.59,92,593,BUY,SPIKE
2024-11-18 11:28:51,108.25,108.55,683,182,HOLD,DROP
2024-11-18 11:28:52,199.47,199.5,10,427,SELL,NORMAL
2024-11-18 11:28:53,196.26,196.52,736,799,SELL,SPIKE
2024-11-18 11:28:54,148.18,148.19,241,731,HOLD,DROP
2024-11-18 11:28:55,144.27,144.4,622,294,SELL,DROP
2024-11-18 11:28:56,182.68,183.17,281,887,HOLD,DROP
2024-11-18 11:28:57,123.56,123.86,354,301,BUY,SPIKE
2024-11-18 11:28:58,114.37,114.52,761,438,SELL,DROP
2024-11-18 11:28:59,158.47,158.72,177,280,SELL,SPIKE
2024-11-18 11:29:00,130.63,130.77,408,996,BUY,NORMAL
2024-11-18 11:29:01,159.98,160.26,359,996,SELL,NORMAL
2024-11-18 11:29:02,173.78,173.83,618,428,SELL,DROP
2024-11-18 11:29:03,106.83,107.26,859,510,SELL,SPIKE
2024-11-18 11:29:04,102.5,102.98,640,173,BUY,SPIKE
2024-11-18 11:29:05,195.59,195.96,831,121,HOLD,SPIKE
2024-11-18 11:29:06,174.97,175.27,48,546,BUY,SPIKE
2024-11-18 11:29:07,109.95,110.26,46,877,SELL,NORMAL
2024-11-18 11:29:08,171.36,171.83,954,60,SELL,DROP
2024-11-18 11:29:09,145.8,146.07,989,572,BUY,DROP
2024-11-18 11:29:10,115.02,115.18,222,858,BUY,NORMAL
2024-11-18 11:29:11,180.36,180.46,508,41,BUY,SPIKE
2024-11-18 11:29:12,104.14,104.33,766,260,HOLD,DROP
2024-11-18 11:29:13,149.45,149.87,714,297,SELL,SPIKE
2024-11-18 11:29:14,173.32,173.52,772,815,SELL,DROP
2024-11-18 11:29:15,177.3,177.49,422,824,BUY,SPIKE
2024-11-18 11:29:16,161.51,161.66,701,415,SELL,NORMAL
2024-11-18 11:29:17,160.76,160.83,117,293,BUY,DROP
2024-11-18 11:29:18,139.93,140.07,483,858,SELL,SPIKE
2024-11-18 11:29:19,163.92,164.21,389,167,BUY,SPIKE
2024-11-18 11:29:20,152.03,152.48,276,565,SELL,NORMAL
2024-11-18 11:29:21,110.16,110.57,657,262,HOLD,DROP
2024-11-18 11:29:22,122.08,122.52,489,930,BUY,DROP
2024-11-18 11:29:23,136.5,136.51,444,562,BUY,SPIKE
2024-11-18 11:29:24,100.44,100.5,802,10,BUY,DROP
2024-11-18 11:29:25,173.2,173.3,242,615,BUY,DROP
2024-11-18 11:29:26,183.31,183.48,266,514,SELL,DROP
2024-11-18 11:29:27,167.92,168.19,540,646,BUY,NORMAL
2024-11-18 11:29:28,133.83,134.29,744,228,SELL,NORMAL
2024-11-18 11:29:29,179.22,179.3,814,953,HOLD,DROP
2024-11-18 11:29:30,182.79,183.26,542,496,BUY,SPIKE
2024-11-18 11:29:31,140.51,140.86,302,480,BUY,SPIKE
2024-11-18 11:29:32,143.78,144.28,179,584,BUY,SPIKE
2024-11-18 11:29:33,133.89,134.06,42,888,HOLD,DROP
2024-11-18 11:29:35,152.18,152.49,59,207,SELL,DROP
2024-11-18 11:29:36,107.47,107.86,27,716,BUY,SPIKE
2024-11-18 11:29:37,155.87,156.37,773,475,HOLD,DROP
2024-11-18 11:29:38,171.93,172.27,903,646,SELL,SPIKE
2024-11-18 11:29:39,160.56,160.96,627,346,SELL,NORMAL
2024-11-18 11:29:40,199.16,199.28,836,14,HOLD,SPIKE
2024-11-18 11:29:41,102.77,103.18,283,113,SELL,NORMAL
2024-11-18 11:29:42,199.79,200.15,496,269,BUY,SPIKE
2024-11-18 11:29:43,103.62,104.09,265,468,BUY,NORMAL
2024-11-18 11:29:44,172.89,173.04,309,72,HOLD,SPIKE
2024-11-18 11:29:45,125.63,125.91,779,61,HOLD,SPIKE
2024-11-18 11:29:46,116.62,116.66,246,902,SELL,NORMAL
2024-11-18 11:29:47,136.67,136.88,913,149,SELL,SPIKE
2024-11-18 11:29:48,153.5,153.85,710,499,SELL,NORMAL
2024-11-18 11:29:49,170.89,171.31,130,927,HOLD,DROP
2024-11-18 11:29:50,194.58,194.86,343,41,SELL,SPIKE
2024-11-18 11:29:51,125.68,125.79,339,145,HOLD,DROP
2024-11-18 11:29:52,189.01,189.08,165,775,BUY,SPIKE
2024-11-18 11:29:53,181.18,181.61,823,789,SELL,NORMAL
2024-11-18 11:29:54,150.8,150.94,750,514,BUY,DROP
2024-11-18 11:29:55,104.1,104.16,981,561,HOLD,SPIKE
2024-11-18 11:29:56,192.74,192.99,261,851,HOLD,DROP
2024-11-18 11:29:57,177.01,177.43,420,520,BUY,DROP
2024-11-18 11:29:58,168.37,168.85,446,986,SELL,NORMAL
2024-11-18 11:29:59,171.64,171.71,814,459,SELL,DROP
2024-11-18 11:30:00,188.03,188.27,747,815,SELL,NORMAL
2024-11-18 11:30:01,159.26,159.35,147,513,SELL,DROP
2024-11-18 11:30:02,175.24,175.61,121,57,HOLD,SPIKE
2024-11-18 11:30:03,139.04,139.52,764,567,BUY,NORMAL
2024-11-18 11:30:04,163.33,163.74,341,986,HOLD,SPIKE
2024-11-18 11:30:05,122.76,122.95,213,246,HOLD,NORMAL
2024-11-18 11:30:06,157.69,157.88,249,566,SELL,SPIKE
2024-11-18 11:30:07,181.19,181.61,13,894,BUY,SPIKE
2024-11-18 11:30:08,132.99,133.39,636,72,BUY,NORMAL
2024-11-18 11:30:09,117.09,117.46,173,298,BUY,SPIKE
2024-11-18 11:30:10,112.52,112.87,150,825,HOLD,NORMAL
2024-11-18 11:30:11,112.88,113.19,64,35,HOLD,DROP
2024-11-18 11:30:12,173.03,173.38,859,590,BUY,SPIKE
2024-11-18 11:30:13,191.42,191.73,254,981,HOLD,DROP
2024-11-18 11:30:14,199.81,200.1,28,700,BUY,DROP
2024-11-18 11:30:15,158.77,159.01,378,396,SELL,NORMAL
2024-11-18 11:30:16,198.19,198.29,895,435,BUY,SPIKE
2024-11-18 11:30:17,187.54,187.89,69,41,SELL,NORMAL
2024-11-18 11:30:18,137.18,137.64,931,429,SELL,NORMAL
2024-11-18 11:30:19,188.01,188.05,267,495,BUY,SPIKE
2024-11-18 11:30:20,170.11,170.52,76,538,HOLD,NORMAL
2024-11-18 11:30:21,128.33,128.78,751,278,BUY,DROP
2024-11-18 11:30:22,142.45,142.73,906,657,SELL,NORMAL
2024-11-18 11:30:23,156.91,157.41,926,859,HOLD,NORMAL
2024-11-18 11:30:24,107.64,107.87,479,350,HOLD,DROP
2024-11-18 11:30:25,105.66,106.01,785,601,BUY,NORMAL
2024-11-18 11:30:26,178.4,178.53,202,102,HOLD,SPIKE
2024-11-18 11:30:27,150.65,150.99,702,982,SELL,DROP
2024-11-18 11:30:28,130.11,130.25,629,472,BUY,NORMAL
2024-11-18 11:30:29,113.02,113.29,678,85,HOLD,SPIKE
2024-11-18 11:30:30,169.8,170.29,389,856,BUY,NORMAL
2024-11-18 11:30:31,106.05,106.29,974,692,HOLD,NORMAL
2024-11-18 11:30:32,138.99,139.38,228,170,HOLD,DROP
2024-11-18 11:30:33,115.91,115.94,592,731,HOLD,SPIKE
2024-11-18 11:30:34,196.97,197.01,766,554,BUY,NORMAL
2024-11-18 11:30:35,98.15,98.26,208,207,SELL,DROP
2024-11-18 11:30:36,122.21,122.35,591,697,BUY,SPIKE
2024-11-18 11:30:37,129.21,129.65,73,446,SELL,DROP
2024-11-18 11:30:38,182.4,182.89,776,495,BUY,DROP
2024-11-18 11:30:39,147.09,147.33,626,896,SELL,DROP
2024-11-18 11:30:40,142.89,142.92,12,808,BUY,SPIKE
2024-11-18 11:30:41,155.27,155.34,997,921,BUY,NORMAL
2024-11-18 11:30:42,94.12,94.34,150,280,HOLD,DROP
2024-11-18 11:30:43,146.22,146.45,116,16,SELL,SPIKE
2024-11-18 11:30:44,189.94,190.17,391,33,BUY,NORMAL
2024-11-18 11:30:45,193.25,193.28,101,800,BUY,DROP
2024-11-18 11:30:46,124.49,124.54,361,273,BUY,NORMAL
2024-11-18 11:30:47,138.14,138.34,806,601,HOLD,DROP
2024-11-18 11:30:48,135.97,136.16,176,234,HOLD,DROP
2024-11-18 11:30:49,170.7,170.86,970,232,BUY,SPIKE
2024-11-18 11:30:50,139.57,139.77,595,897,SELL,NORMAL
2024-11-18 11:30:51,178.78,178.91,129,783,HOLD,DROP
2024-11-18 11:30:52,166.35,166.77,333,129,BUY,DROP
2024-11-18 11:30:53,109.51,109.79,387,513,SELL,NORMAL
2024-11-18 11:30:54,112.0,112.05,836,661,BUY,NORMAL
2024-11-18 11:30:55,159.76,159.79,753,675,SELL,NORMAL
2024-11-18 11:30:56,185.63,185.94,400,133,BUY,DROP
2024-11-18 11:30:57,152.0,152.43,570,463,HOLD,NORMAL
2024-11-18 11:30:58,100.16,100.5,792,907,SELL,SPIKE
2024-11-18 11:30:59,163.74,163.86,843,756,BUY,SPIKE
2024-11-18 11:31:00,112.83,112.93,726,207,BUY,NORMAL
2024-11-18 11:31:01,124.14,124.42,858,430,BUY,NORMAL
2024-11-18 11:31:02,178.93,179.36,26,71,HOLD,NORMAL
2024-11-18 11:31:03,184.05,184.32,92,895,SELL,NORMAL
2024-11-18 11:31:04,126.6,126.81,769,170,HOLD,SPIKE
2024-11-18 11:31:05,193.64,193.77,128,993,BUY,NORMAL
2024-11-18 11:31:06,143.87,143.88,403,656,SELL,SPIKE
2024-11-18 11:31:07,151.22,151.59,515,446,HOLD,DROP
2024-11-18 11:31:08,129.52,129.65,365,887,BUY,SPIKE
2024-11-18 11:31:09,198.38,198.66,884,790,HOLD,NORMAL
2024-11-18 11:31:10,203.15,203.27,639,588,SELL,SPIKE
2024-11-18 11:31:11,174.48,174.75,878,828,BUY,SPIKE
2024-11-18 11:31:12,103.45,103.84,114,594,BUY,NORMAL
2024-11-18 11:31:13,133.06,133.39,96,91,BUY,NORMAL
2024-11-18 11:31:14,187.83,188.29,926,894,SELL,SPIKE
2024-11-18 11:31:15,151.32,151.6,117,431,BUY,NORMAL
2024-11-18 11:31:16,185.91,186.21,153,939,SELL,DROP
2024-11-18 11:31:17,142.4,142.52,374,526,SELL,NORMAL
2024-11-18 11:31:18,165.89,165.97,101,530,BUY,SPIKE
2024-11-18 11:31:19,156.99,157.4,69,684,HOLD,DROP
2024-11-18 11:31:20,167.72,168.19,740,104,SELL,DROP
2024-11-18 11:31:21,174.0,174.09,487,343,SELL,NORMAL
2024-11-18 11:31:22,119.07,119.5,509,350,BUY,DROP
2024-11-18 11:31:23,173.0,173.08,751,538,BUY,NORMAL
2024-11-18 11:31:24,130.83,131.13,750,536,HOLD,NORMAL
2024-11-18 11:31:25,134.19,134.31,859,656,HOLD,NORMAL
2024-11-18 11:31:26,191.53,191.79,379,608,SELL,SPIKE
2024-11-18 11:31:27,191.73,191.95,22,629,BUY,DROP
2024-11-18 11:31:28,167.53,167.67,947,575,HOLD,SPIKE
2024-11-18 11:31:29,165.76,166.18,947,668,SELL,NORMAL
2024-11-18 11:31:30,134.73,135.02,688,487,SELL,DROP
2024-11-18 11:31:31,121.87,122.09,915,349,HOLD,SPIKE
2024-11-18 11:31:32,113.24,113.32,729,531,BUY,SPIKE
2024-11-18 11:31:33,145.97,146.13,980,912,SELL,NORMAL
2024-11-18 11:31:34,147.03,147.15,471,404,HOLD,DROP
2024-11-18 11:31:35,176.38,176.43,820,431,SELL,NORMAL
2024-11-18 11:31:36,195.01,195.27,161,106,SELL,SPIKE
2024-11-18 11:31:37,158.0,158.45,996,803,SELL,SPIKE
2024-11-18 11:31:38,189.21,189.31,436,296,SELL,SPIKE
2024-11-18 11:31:39,105.41,105.74,417,229,BUY,DROP
2024-11-18 11:31:40,114.1,114.12,439,56,BUY,SPIKE
2024-11-18 11:31:41,199.2,199.36,448,664,SELL,DROP
2024-11-18 11:31:42,178.07,178.23,83,87,SELL,DROP
2024-11-18 11:31:43,153.26,153.49,294,358,HOLD,SPIKE
2024-11-18 11:31:44,191.79,192.11,322,139,BUY,DROP
2024-11-18 11:31:45,115.36,115.43,101,322,SELL,DROP
2024-11-18 11:31:46,166.78,166.94,964,746,SELL,DROP
2024-11-18 11:31:47,145.97,146.14,240,384,SELL,SPIKE
2024-11-18 11:31:48,166.31,166.55,876,119,BUY,SPIKE
2024-11-18 11:31:49,190.13,190.62,258,249,BUY,NORMAL
2024-11-18 11:31:50,137.38,137.44,581,726,SELL,NORMAL
2024-11-18 11:31:51,182.81,183.27,407,504,HOLD,SPIKE
2024-11-18 11:31:52,197.59,197.93,323,710,BUY,DROP
2024-11-18 11:31:53,102.47,102.57,542,714,HOLD,DROP
2024-11-18 11:31:54,122.97,123.28,470,352,HOLD,SPIKE
2024-11-18 11:31:55,136.81,137.17,613,170,HOLD,DROP
2024-11-18 11:31:56,151.48,151.97,208,806,SELL,SPIKE
2024-11-18 11:31:57,182.33,182.4,821,544,BUY,SPIKE
2024-11-18 11:31:58,174.5,174.6,364,526,BUY,NORMAL
2024-11-18 11:31:59,127.77,128.17,427,671,BUY,SPIKE
2024-11-18 11:32:00,119.15,119.4,68,321,SELL,NORMAL
2024-11-18 11:32:01,151.06,151.43,400,11,HOLD,NORMAL
2024-11-18 11:32:02,104.05,104.36,218,175,HOLD,DROP
2024-11-18 11:32:03,141.41,141.72,117,275,HOLD,NORMAL
2024-11-18 11:32:04,128.88,129.07,622,488,BUY,NORMAL
2024-11-18 11:32:05,182.74,183.1,750,156,BUY,SPIKE
2024-11-18 11:32:06,185.57,185.86,567,428,HOLD,SPIKE
2024-11-18 11:32:07,144.94,145.14,160,713,HOLD,DROP
2024-11-18 11:32:08,193.5,193.7,865,486,BUY,NORMAL
2024-11-18 11:32:09,109.99,110.15,14,18,HOLD,NORMAL
2024-11-18 11:32:10,155.52,155.62,765,778,SELL,NORMAL
2024-11-18 11:32:11,161.92,162.18,383,937,SELL,NORMAL
2024-11-18 11:32:12,195.84,196.05,956,767,BUY,DROP
2024-11-18 11:32:13,121.44,121.66,493,916,HOLD,NORMAL
2024-11-18 11:32:14,179.8,180.03,201,743,SELL,SPIKE
2024-11-18 11:32:15,131.56,131.93,50,696,BUY,NORMAL
2024-11-18 11:32:16,142.36,142.72,838,108,HOLD,DROP
2024-11-18 11:32:17,172.2,172.61,967,294,BUY,SPIKE
2024-11-18 11:32:18,189.12,189.56,334,289,SELL,NORMAL
2024-11-18 11:32:19,161.6,161.98,833,122,HOLD,DROP
2024-11-18 11:32:20,192.94,192.99,287,748,SELL,DROP
2024-11-18 11:32:21,101.14,101.39,751,571,BUY,DROP
2024-11-18 11:32:22,126.05,126.34,785,124,SELL,SPIKE
2024-11-18 11:32:23,120.88,121.16,263,858,SELL,DROP
2024-11-18 11:32:24,135.72,135.85,880,616,BUY,SPIKE
2024-11-18 11:32:25,146.63,146.88,758,316,HOLD,DROP
2024-11-18 11:32:26,179.58,179.96,580,511,BUY,NORMAL
2024-11-18 11:32:27,172.08,172.29,818,525,SELL,SPIKE
2024-11-18 11:32:28,169.67,169.96,804,556,BUY,NORMAL
2024-11-18 11:32:29,125.42,125.78,630,568,SELL,NORMAL
2024-11-18 11:32:30,195.81,196.12,186,478,BUY,DROP
2024-11-18 11:32:31,168.27,168.77,915,974,BUY,DROP
2024-11-18 11:32:32,148.82,148.91,540,378,BUY,DROP
2024-11-18 11:32:33,131.62,131.71,675,685,BUY,DROP
2024-11-18 11:32:34,192.18,192.36,767,730,HOLD,SPIKE
2024-11-18 11:32:35,101.88,102.23,306,745,BUY,SPIKE
2024-11-18 11:32:36,187.73,188.14,165,448,SELL,SPIKE
2024-11-18 11:32:37,170.57,170.63,81,361,SELL,DROP
2024-11-18 11:32:38,119.3,119.59,505,556,HOLD,DROP
2024-11-18 11:32:39,100.3,100.69,119,455,SELL,DROP
2024-11-18 11:32:40,177.1,177.43,780,71,HOLD,SPIKE
2024-11-18 11:32:41,156.98,157.09,386,585,SELL,NORMAL
2024-11-18 11:32:42,183.97,184.36,298,542,BUY,NORMAL
2024-11-18 11:32:43,108.49,108.63,511,29,BUY,SPIKE
2024-11-18 11:32:44,121.32,121.8,942,753,BUY,NORMAL
2024-11-18 11:32:45,164.43,164.58,489,882,HOLD,DROP
2024-11-18 11:32:46,172.32,172.37,231,496,HOLD,DROP
2024-11-18 11:32:47,179.26,179.73,426,151,HOLD,DROP
2024-11-18 11:32:48,149.21,149.63,654,873,SELL,NORMAL
2024-11-18 11:32:49,176.64,176.95,925,150,BUY,SPIKE
2024-11-18 11:32:50,182.59,182.76,725,515,SELL,SPIKE
2024-11-18 11:32:51,116.24,116.59,697,28,SELL,DROP
2024-11-18 11:32:52,107.91,108.25,808,228,BUY,NORMAL
2024-11-18 11:32:53,136.95,137.12,275,772,SELL,NORMAL
2024-11-18 11:32:54,160.74,161.02,808,189,HOLD,DROP
2024-11-18 11:32:55,168.88,168.99,931,835,BUY,SPIKE
2024-11-18 11:32:56,142.21,142.49,320,817,SELL,DROP
2024-11-18 11:32:57,167.66,167.95,538,406,HOLD,NORMAL
2024-11-18 11:32:58,114.5,114.71,970,448,HOLD,DROP
2024-11-18 11:32:59,199.72,199.77,592,258,BUY,SPIKE
2024-11-18 11:33:01,197.83,198.01,396,875,BUY,SPIKE
2024-11-18 11:33:02,140.26,140.61,775,122,HOLD,SPIKE
2024-11-18 11:33:03,126.31,126.61,635,291,HOLD,SPIKE
2024-11-18 11:33:04,130.17,130.22,252,988,SELL,NORMAL
2024-11-18 11:33:05,156.69,157.17,832,389,SELL,SPIKE
2024-11-18 11:33:06,192.56,192.91,548,798,HOLD,NORMAL
2024-11-18 11:33:07,195.51,195.82,551,964,SELL,SPIKE
2024-11-18 11:33:08,118.91,119.33,295,58,BUY,SPIKE
2024-11-18 11:33:09,184.02,184.4,708,211,BUY,DROP
2024-11-18 11:33:10,169.42,169.66,566,976,BUY,NORMAL
2024-11-18 11:33:11,146.84,147.13,399,849,BUY,SPIKE
2024-11-18 11:33:12,199.6,199.67,914,162,BUY,NORMAL
2024-11-18 11:33:13,150.43,150.51,410,170,BUY,NORMAL
2024-11-18 11:33:14,122.05,122.22,420,898,HOLD,NORMAL
2024-11-18 11:33:15,176.98,177.34,752,91,HOLD,SPIKE
2024-11-18 11:33:16,106.77,107.24,829,146,BUY,SPIKE
2024-11-18 11:33:17,114.58,114.59,613,530,BUY,SPIKE
2024-11-18 11:33:18,169.85,170.23,632,486,HOLD,DROP
2024-11-18 11:33:19,111.98,112.35,732,292,BUY,NORMAL
2024-11-18 11:33:20,180.38,180.39,904,273,HOLD,NORMAL
2024-11-18 11:33:21,174.61,174.78,101,78,SELL,NORMAL
2024-11-18 11:33:22,110.49,110.85,799,529,SELL,SPIKE
2024-11-18 11:33:23,197.77,197.94,656,139,HOLD,DROP
2024-11-18 11:33:24,112.76,112.92,749,1000,BUY,SPIKE
2024-11-18 11:33:25,126.25,126.67,617,992,HOLD,DROP
2024-11-18 11:33:26,136.65,137.05,789,604,BUY,DROP
2024-11-18 11:33:27,130.7,130.74,372,949,SELL,SPIKE
2024-11-18 11:33:28,177.54,177.63,700,261,BUY,NORMAL
2024-11-18 11:33:29,136.77,136.93,986,347,SELL,SPIKE
2024-11-18 11:33:30,188.33,188.47,53,440,SELL,SPIKE
2024-11-18 11:33:31,171.25,171.72,541,687,BUY,SPIKE
2024-11-18 11:33:32,161.78,162.02,787,644,HOLD,NORMAL
2024-11-18 11:33:33,104.79,104.96,390,36,HOLD,SPIKE
2024-11-18 11:33:34,188.2,188.6,132,393,SELL,NORMAL
2024-11-18 11:33:35,111.21,111.57,314,623,HOLD,SPIKE
2024-11-18 11:33:36,158.07,158.56,938,544,HOLD,DROP
2024-11-18 11:33:37,136.95,137.17,239,431,BUY,DROP
2024-11-18 11:33:38,124.13,124.17,951,586,BUY,NORMAL
2024-11-18 11:33:39,129.97,130.04,405,753,BUY,SPIKE
2024-11-18 11:33:40,100.21,100.26,226,716,HOLD,SPIKE
2024-11-18 11:33:41,167.17,167.64,956,624,BUY,SPIKE
2024-11-18 11:33:42,175.73,175.88,748,45,HOLD,DROP
2024-11-18 11:33:43,199.12,199.34,437,405,SELL,NORMAL
2024-11-18 11:33:44,148.83,149.2,484,278,BUY,SPIKE
2024-11-18 11:33:45,107.17,107.41,519,301,SELL,SPIKE
2024-11-18 11:33:46,196.62,196.7,917,683,BUY,NORMAL
2024-11-18 11:33:47,190.24,190.33,546,355,SELL,SPIKE
2024-11-18 11:33:48,196.93,197.05,496,908,SELL,NORMAL
2024-11-18 11:33:49,103.61,104.1,366,91,HOLD,NORMAL
2024-11-18 11:33:50,149.98,150.45,161,351,BUY,NORMAL
2024-11-18 11:33:51,110.3,110.54,666,694,HOLD,NORMAL
2024-11-18 11:33:52,152.85,153.32,352,949,HOLD,DROP
2024-11-18 11:33:53,144.62,144.88,641,106,SELL,NORMAL
2024-11-18 11:33:54,159.48,159.91,394,955,SELL,NORMAL
2024-11-18 11:33:55,169.51,169.53,360,49,HOLD,DROP
2024-11-18 11:33:56,161.81,161.85,32,533,BUY,DROP
2024-11-18 11:33:57,135.93,136.22,191,909,SELL,NORMAL
2024-11-18 11:33:58,118.69,118.84,120,800,SELL,NORMAL
2024-11-18 11:33:59,186.91,186.96,836,808,BUY,NORMAL
2024-11-18 11:34:00,213.6,213.79,300,233,SELL,SPIKE
2024-11-18 11:34:01,102.12,102.38,429,350,SELL,SPIKE
2024-11-18 11:34:02,155.2,155.56,191,426,SELL,SPIKE
2024-11-18 11:34:03,132.23,132.37,125,851,SELL,SPIKE
2024-11-18 11:34:04,177.14,177.19,648,780,BUY,SPIKE
2024-11-18 11:34:05,145.23,145.48,674,802,SELL,DROP
2024-11-18 11:34:06,174.92,175.28,942,327,SELL,SPIKE
2024-11-18 11:34:07,142.8,143.05,436,63,BUY,NORMAL
2024-11-18 11:34:08,124.26,124.57,405,672,HOLD,DROP
2024-11-18 11:34:09,154.07,154.12,428,929,BUY,NORMAL
2024-11-18 11:34:10,156.11,156.45,937,665,BUY,SPIKE
2024-11-18 11:34:11,198.77,198.8,709,816,SELL,SPIKE
2024-11-18 11:34:12,152.52,152.88,272,698,SELL,NORMAL
2024-11-18 11:34:13,150.52,150.79,932,509,BUY,SPIKE
2024-11-18 11:34:14,131.59,131.96,211,697,BUY,NORMAL
2024-11-18 11:34:15,148.57,148.59,944,506,BUY,DROP
2024-11-18 11:34:16,120.08,120.26,729,152,HOLD,SPIKE
2024-11-18 11:34:17,196.7,196.91,734,822,HOLD,NORMAL
2024-11-18 11:34:18,194.53,195.02,830,679,HOLD,NORMAL
2024-11-18 11:34:19,184.66,185.1,596,17,BUY,NORMAL
2024-11-18 11:34:20,142.45,142.96,545,419,HOLD,SPIKE
2024-11-18 11:34:21,101.49,101.77,748,62,HOLD,NORMAL
2024-11-18 11:34:22,164.06,164.41,960,350,SELL,NORMAL
2024-11-18 11:34:23,118.0,118.39,444,826,HOLD,SPIKE
2024-11-18 11:34:24,162.39,162.72,576,226,SELL,NORMAL
2024-11-18 11:34:25,177.27,177.69,718,506,SELL,DROP
2024-11-18 11:34:26,141.72,142.0,667,596,HOLD,SPIKE
2024-11-18 11:34:27,145.56,145.7,494,231,SELL,NORMAL
2024-11-18 11:34:28,183.73,183.75,374,610,HOLD,SPIKE
2024-11-18 11:34:29,141.01,141.06,163,277,BUY,SPIKE
2024-11-18 11:34:30,175.97,176.13,275,406,SELL,NORMAL
2024-11-18 11:34:31,171.65,172.09,923,795,HOLD,SPIKE
2024-11-18 11:34:32,139.1,139.4,435,293,HOLD,DROP
2024-11-18 11:34:33,184.27,184.39,796,553,HOLD,DROP
2024-11-18 11:34:34,119.11,119.22,170,474,HOLD,NORMAL
2024-11-18 11:34:35,115.46,115.8,955,385,BUY,NORMAL
2024-11-18 11:34:36,133.6,133.8,422,928,BUY,DROP
2024-11-18 11:34:37,185.13,185.19,515,363,SELL,NORMAL
2024-11-18 11:34:38,171.86,172.19,167,335,HOLD,SPIKE
2024-11-18 11:34:39,159.92,160.38,366,436,BUY,NORMAL
2024-11-18 11:34:40,135.41,135.8,432,851,SELL,SPIKE
2024-11-18 11:34:41,123.99,124.05,625,384,SELL,DROP
2024-11-18 11:34:42,150.13,150.36,215,667,HOLD,DROP
2024-11-18 11:34:43,103.96,104.02,664,514,SELL,DROP
2024-11-18 11:34:44,120.27,120.64,81,720,HOLD,SPIKE
2024-11-18 11:34:45,154.65,154.73,238,759,SELL,NORMAL
2024-11-18 11:34:46,175.13,175.2,593,596,SELL,SPIKE
2024-11-18 11:34:47,148.28,148.43,123,852,BUY,NORMAL
2024-11-18 11:34:48,141.12,141.3,880,309,SELL,DROP
2024-11-18 11:34:49,199.77,200.16,236,591,SELL,NORMAL
2024-11-18 11:34:50,112.5,112.69,810,366,BUY,NORMAL
2024-11-18 11:34:51,120.06,120.1,511,20,BUY,SPIKE
2024-11-18 11:34:52,164.55,164.86,591,674,BUY,DROP
2024-11-18 11:34:53,117.12,117.49,426,687,HOLD,DROP
2024-11-18 11:34:54,163.89,164.3,363,791,BUY,SPIKE
2024-11-18 11:34:55,120.11,120.58,177,377,BUY,SPIKE
2024-11-18 11:34:56,164.22,164.67,594,416,HOLD,NORMAL
2024-11-18 11:34:57,195.44,195.58,255,49,SELL,SPIKE
2024-11-18 11:34:58,103.73,104.06,887,292,SELL,SPIKE
2024-11-18 11:34:59,156.1,156.36,641,660,SELL,DROP
2024-11-18 11:35:00,130.46,130.76,741,228,BUY,DROP
2024-11-18 11:35:01,195.19,195.32,430,29,SELL,SPIKE
2024-11-18 11:35:02,172.4,172.55,392,533,BUY,SPIKE
2024-11-18 11:35:03,129.6,129.76,764,388,SELL,SPIKE
2024-11-18 11:35:04,116.97,117.33,558,204,HOLD,SPIKE
2024-11-18 11:35:05,190.84,191.27,533,369,HOLD,DROP
2024-11-18 11:35:06,130.31,130.35,546,675,HOLD,DROP
2024-11-18 11:35:07,104.02,104.15,68,780,HOLD,SPIKE
2024-11-18 11:35:08,183.16,183.22,933,899,HOLD,NORMAL
2024-11-18 11:35:09,114.85,115.0,40,770,BUY,DROP
2024-11-18 11:35:10,113.01,113.05,663,108,BUY,NORMAL
2024-11-18 11:35:11,162.44,162.66,581,805,BUY,NORMAL
2024-11-18 11:35:12,184.06,184.44,416,471,BUY,DROP
2024-11-18 11:35:13,152.98,153.01,607,404,BUY,DROP
2024-11-18 11:35:14,137.89,138.02,857,582,BUY,DROP
2024-11-18 11:35:15,113.16,113.27,964,340,BUY,DROP
2024-11-18 11:35:16,114.42,114.7,702,920,BUY,SPIKE
2024-11-18 11:35:17,194.91,194.94,725,452,SELL,DROP
2024-11-18 11:35:18,181.68,181.88,616,155,BUY,DROP
2024-11-18 11:35:19,160.51,160.57,155,83,HOLD,DROP
2024-11-18 11:35:20,166.91,167.18,288,775,SELL,NORMAL
2024-11-18 11:35:21,132.54,132.95,947,597,SELL,NORMAL
2024-11-18 11:35:22,158.8,158.85,392,743,HOLD,SPIKE
2024-11-18 11:35:23,193.31,193.73,109,353,HOLD,SPIKE
2024-11-18 11:35:24,125.53,125.6,871,549,HOLD,DROP
2024-11-18 11:35:25,147.44,147.55,847,877,BUY,DROP
2024-11-18 11:35:26,101.54,101.69,878,669,SELL,SPIKE
2024-11-18 11:35:27,179.34,179.69,460,438,SELL,SPIKE
2024-11-18 11:35:28,179.9,180.31,677,118,SELL,SPIKE
2024-11-18 11:35:29,167.37,167.76,473,685,BUY,DROP
2024-11-18 11:35:30,162.92,163.08,512,302,BUY,DROP
2024-11-18 11:35:31,127.02,127.13,266,955,BUY,NORMAL
2024-11-18 11:35:32,116.64,117.03,848,556,SELL,NORMAL
2024-11-18 11:35:33,111.74,111.93,541,260,SELL,SPIKE
2024-11-18 11:35:34,199.15,199.44,786,530,HOLD,NORMAL
2024-11-18 11:35:35,161.74,162.05,563,415,BUY,SPIKE
2024-11-18 11:35:36,131.12,131.13,434,519,HOLD,DROP
2024-11-18 11:35:37,104.98,105.18,721,765,HOLD,SPIKE
2024-11-18 11:35:38,125.27,125.63,16,575,SELL,NORMAL
2024-11-18 11:35:39,115.33,115.64,174,647,BUY,SPIKE
2024-11-18 11:35:40,188.21,188.55,960,537,HOLD,DROP
2024-11-18 11:35:41,111.55,112.04,73,471,SELL,SPIKE
2024-11-18 11:35:42,156.47,156.5,873,896,SELL,DROP
2024-11-18 11:35:43,99.63,99.71,522,414,BUY,DROP
2024-11-18 11:35:44,168.23,168.32,948,283,BUY,NORMAL
2024-11-18 11:35:45,102.74,102.97,396,673,SELL,SPIKE
2024-11-18 11:35:46,102.74,102.77,913,364,SELL,SPIKE
2024-11-18 11:35:47,142.87,143.22,230,175,HOLD,NORMAL
2024-11-18 11:35:48,123.14,123.25,553,161,SELL,NORMAL
2024-11-18 11:35:49,141.94,141.96,956,503,BUY,DROP
2024-11-18 11:35:50,119.13,119.36,469,437,SELL,NORMAL
2024-11-18 11:35:51,151.34,151.61,149,517,HOLD,NORMAL
2024-11-18 11:35:52,92.84,93.19,48,636,SELL,DROP
2024-11-18 11:35:53,143.16,143.55,739,547,BUY,DROP
2024-11-18 11:35:54,156.36,156.66,205,929,SELL,NORMAL
2024-11-18 11:35:55,113.47,113.94,136,163,BUY,SPIKE
2024-11-18 11:35:56,154.0,154.02,192,723,SELL,NORMAL
2024-11-18 11:35:57,145.47,145.53,688,568,BUY,NORMAL
2024-11-18 11:35:58,134.45,134.77,177,994,BUY,NORMAL
2024-11-18 11:35:59,183.61,183.81,296,199,HOLD,SPIKE
2024-11-18 11:36:00,135.86,135.91,10,789,BUY,NORMAL
2024-11-18 11:36:02,128.97,129.09,848,941,SELL,SPIKE
2024-11-18 11:36:03,106.05,106.36,625,964,HOLD,DROP
2024-11-18 11:36:04,134.99,135.38,244,93,SELL,NORMAL
2024-11-18 11:36:05,129.89,130.32,212,569,SELL,SPIKE
2024-11-18 11:36:06,145.95,146.41,884,162,SELL,DROP
2024-11-18 11:36:07,182.29,182.39,217,92,HOLD,NORMAL
2024-11-18 11:36:08,164.13,164.25,278,920,BUY,SPIKE
2024-11-18 11:36:09,195.98,196.06,162,801,SELL,SPIKE
2024-11-18 11:36:10,144.77,144.81,894,733,BUY,SPIKE
2024-11-18 11:36:11,184.32,184.76,96,920,BUY,SPIKE
2024-11-18 11:36:12,147.8,147.81,184,303,BUY,DROP
2024-11-18 11:36:13,131.27,131.68,710,118,BUY,SPIKE
2024-11-18 11:36:14,116.68,116.77,689,745,HOLD,NORMAL
2024-11-18 11:36:15,104.2,104.26,497,903,SELL,DROP
2024-11-18 11:36:16,122.2,122.39,285,732,BUY,NORMAL
2024-11-18 11:36:17,104.94,105.38,185,601,HOLD,DROP
2024-11-18 11:36:18,105.5,105.72,862,670,HOLD,NORMAL
2024-11-18 11:36:19,148.84,148.89,111,575,BUY,NORMAL
2024-11-18 11:36:20,131.86,132.17,533,687,SELL,DROP
2024-11-18 11:36:21,112.31,112.7,399,56,BUY,NORMAL
2024-11-18 11:36:22,178.93,179.08,804,813,BUY,DROP
2024-11-18 11:36:23,177.07,177.29,572,362,BUY,SPIKE
2024-11-18 11:36:24,163.49,163.89,924,467,SELL,SPIKE
2024-11-18 11:36:25,104.72,105.01,276,755,BUY,DROP
2024-11-18 11:36:26,118.84,118.96,780,376,HOLD,NORMAL
2024-11-18 11:36:27,172.36,172.6,923,894,SELL,DROP
2024-11-18 11:36:28,174.22,174.41,197,100,SELL,NORMAL
2024-11-18 11:36:29,123.92,124.29,592,169,HOLD,DROP
2024-11-18 11:36:30,175.7,176.1,46,824,BUY,SPIKE
2024-11-18 11:36:31,118.08,118.21,134,557,HOLD,NORMAL
2024-11-18 11:36:32,102.11,102.23,631,594,SELL,DROP
2024-11-18 11:36:33,174.52,174.98,716,912,BUY,DROP
2024-11-18 11:36:34,153.7,153.82,976,296,HOLD,NORMAL
2024-11-18 11:36:35,143.78,144.09,668,621,SELL,DROP
2024-11-18 11:36:36,135.48,135.66,52,239,HOLD,DROP
2024-11-18 11:36:37,124.41,124.8,125,528,SELL,SPIKE
2024-11-18 11:36:38,130.45,130.99,812,569,SELL,SPIKE
2024-11-18 11:36:39,135.61,135.89,378,33,HOLD,SPIKE
2024-11-18 11:36:40,143.33,143.65,293,376,HOLD,NORMAL
2024-11-18 11:36:41,159.93,159.94,923,676,SELL,DROP
2024-11-18 11:36:42,186.68,187.13,710,609,BUY,DROP
2024-11-18 11:36:43,103.01,103.38,71,201,BUY,NORMAL
2024-11-18 11:36:44,193.31,193.45,819,486,BUY,SPIKE
2024-11-18 11:36:45,127.38,127.65,351,865,BUY,NORMAL
2024-11-18 11:36:46,193.31,193.44,820,127,HOLD,NORMAL
2024-11-18 11:36:47,195.21,195.49,854,905,SELL,DROP
2024-11-18 11:36:48,194.8,195.08,508,349,SELL,SPIKE
2024-11-18 11:36:49,107.2,107.59,351,813,SELL,SPIKE
2024-11-18 11:36:50,176.72,176.95,643,313,HOLD,SPIKE
2024-11-18 11:36:51,168.65,169.06,173,141,BUY,NORMAL
2024-11-18 11:36:52,186.0,186.36,401,542,HOLD,NORMAL
2024-11-18 11:36:53,178.06,178.2,503,374,HOLD,NORMAL
2024-11-18 11:36:54,173.26,173.57,356,677,HOLD,NORMAL
2024-11-18 11:36:55,164.05,164.24,140,402,SELL,DROP
2024-11-18 11:36:56,144.67,144.91,720,40,SELL,NORMAL
2024-11-18 11:36:57,189.3,189.33,58,733,BUY,NORMAL
2024-11-18 11:36:58,136.02,136.22,39,12,HOLD,NORMAL
2024-11-18 11:36:59,196.51,196.84,388,572,HOLD,DROP
2024-11-18 11:37:00,125.2,125.43,376,733,BUY,NORMAL
2024-11-18 11:37:01,113.34,113.58,801,907,BUY,SPIKE
2024-11-18 11:37:02,192.8,192.91,598,931,SELL,DROP
2024-11-18 11:37:03,183.4,183.46,111,1000,HOLD,SPIKE
2024-11-18 11:37:04,124.39,124.61,474,694,HOLD,SPIKE
2024-11-18 11:37:05,147.04,147.08,48,107,HOLD,SPIKE
2024-11-18 11:37:06,186.5,186.69,969,57,SELL,NORMAL
2024-11-18 11:37:07,106.3,106.69,387,291,HOLD,SPIKE
2024-11-18 11:37:08,106.07,106.32,425,178,HOLD,DROP
2024-11-18 11:37:09,109.0,109.16,810,252,BUY,DROP
2024-11-18 11:37:10,133.79,134.01,114,29,HOLD,SPIKE
2024-11-18 11:37:11,113.11,113.55,446,151,BUY,NORMAL
2024-11-18 11:37:12,135.67,136.08,810,305,HOLD,DROP
2024-11-18 11:37:13,135.42,135.87,863,482,BUY,SPIKE
2024-11-18 11:37:14,161.74,161.77,989,566,SELL,SPIKE
2024-11-18 11:37:15,145.51,145.94,794,745,HOLD,DROP
2024-11-18 11:37:16,160.18,160.46,180,593,BUY,DROP
2024-11-18 11:37:17,101.87,102.32,852,191,BUY,DROP
2024-11-18 11:37:18,118.67,118.83,913,222,HOLD,DROP
2024-11-18 11:37:19,171.45,171.5,22,761,BUY,SPIKE
2024-11-18 11:37:20,122.43,122.62,596,638,SELL,SPIKE
2024-11-18 11:37:21,198.91,199.35,389,280,BUY,NORMAL
2024-11-18 11:37:22,163.21,163.53,86,27,BUY,DROP
2024-11-18 11:37:23,151.29,151.31,164,187,HOLD,NORMAL
2024-11-18 11:37:24,162.37,162.45,424,494,HOLD,NORMAL
2024-11-18 11:37:25,130.48,130.92,712,275,HOLD,SPIKE
2024-11-18 11:37:26,166.31,166.39,894,508,SELL,SPIKE
2024-11-18 11:37:27,101.98,102.21,293,175,HOLD,SPIKE
2024-11-18 11:37:28,132.79,133.01,100,846,HOLD,DROP
2024-11-18 11:37:29,166.73,166.83,930,136,BUY,SPIKE
2024-11-18 11:37:30,112.1,112.28,551,303,SELL,SPIKE
2024-11-18 11:37:31,154.7,154.96,845,876,BUY,DROP
2024-11-18 11:37:32,198.7,198.89,350,848,SELL,DROP
2024-11-18 11:37:33,180.38,180.61,158,568,SELL,DROP
2024-11-18 11:37:34,152.37,152.54,582,184,BUY,NORMAL
2024-11-18 11:37:35,102.21,102.39,731,404,BUY,SPIKE
2024-11-18 11:37:36,124.98,125.37,310,13,SELL,SPIKE
2024-11-18 11:37:37,109.76,110.06,224,653,HOLD,NORMAL
2024-11-18 11:37:38,127.75,128.03,889,265,SELL,SPIKE
2024-11-18 11:37:39,192.53,192.94,139,693,HOLD,DROP
2024-11-18 11:37:40,136.4,136.6,90,457,BUY,SPIKE
2024-11-18 11:37:41,151.85,152.32,874,536,HOLD,DROP
2024-11-18 11:37:42,134.16,134.34,948,770,SELL,DROP
2024-11-18 11:37:43,167.93,168.33,638,326,SELL,DROP
2024-11-18 11:37:44,148.64,148.94,316,614,SELL,DROP
2024-11-18 11:37:45,111.18,111.54,523,16,SELL,SPIKE
2024-11-18 11:37:46,114.56,114.71,212,378,SELL,NORMAL
2024-11-18 11:37:47,142.11,142.18,61,364,HOLD,NORMAL
2024-11-18 11:37:48,107.44,107.92,296,568,SELL,DROP
2024-11-18 11:37:49,115.85,116.11,455,552,HOLD,SPIKE
2024-11-18 11:37:50,155.95,156.0,664,998,SELL,DROP
2024-11-18 11:37:51,182.63,182.7,536,996,SELL,DROP
2024-11-18 11:37:52,148.64,148.96,691,789,HOLD,DROP
2024-11-18 11:37:53,173.94,174.38,690,126,SELL,SPIKE
2024-11-18 11:37:54,189.21,189.64,675,317,BUY,DROP
2024-11-18 11:37:55,126.18,126.36,912,751,BUY,SPIKE
2024-11-18 11:37:56,107.47,107.81,111,40,BUY,SPIKE
2024-11-18 11:37:57,133.1,133.16,986,623,BUY,DROP
2024-11-18 11:37:58,114.75,115.08,210,790,SELL,SPIKE
2024-11-18 11:37:59,173.95,174.34,373,842,HOLD,SPIKE
2024-11-18 11:38:00,115.35,115.61,798,801,BUY,SPIKE
2024-11-18 11:38:01,102.22,102.3,503,518,SELL,SPIKE
2024-11-18 11:38:02,141.49,141.53,295,58,BUY,SPIKE
2024-11-18 11:38:03,126.87,127.25,63,633,BUY,SPIKE
2024-11-18 11:38:04,100.4,100.81,53,430,SELL,DROP
2024-11-18 11:38:05,175.96,176.43,512,907,HOLD,DROP
2024-11-18 11:38:06,181.67,181.9,73,192,BUY,NORMAL
2024-11-18 11:38:07,142.66,142.88,93,699,BUY,SPIKE
2024-11-18 11:38:08,112.6,112.92,917,525,BUY,DROP
2024-11-18 11:38:09,124.22,124.45,786,853,HOLD,SPIKE
2024-11-18 11:38:10,117.46,117.55,147,69,HOLD,SPIKE
2024-11-18 11:38:11,146.52,146.64,480,189,BUY,DROP
2024-11-18 11:38:12,132.51,132.97,112,410,SELL,NORMAL
2024-11-18 11:38:13,192.69,193.03,257,89,HOLD,DROP
2024-11-18 11:38:14,165.72,165.87,903,80,HOLD,NORMAL
2024-11-18 11:38:15,104.29,104.52,600,534,HOLD,SPIKE
2024-11-18 11:38:16,146.79,146.98,434,836,BUY,SPIKE
2024-11-18 11:38:17,101.48,101.59,711,580,HOLD,DROP
2024-11-18 11:38:18,164.66,164.89,666,516,SELL,DROP
2024-11-18 11:38:19,135.1,135.54,28,916,BUY,SPIKE
2024-11-18 11:38:20,141.57,141.72,852,323,HOLD,DROP
2024-11-18 11:38:21,174.21,174.32,420,873,SELL,SPIKE
2024-11-18 11:38:22,100.31,100.68,555,848,SELL,NORMAL
2024-11-18 11:38:23,172.07,172.14,861,704,SELL,NORMAL
2024-11-18 11:38:24,188.17,188.24,355,241,BUY,NORMAL
2024-11-18 11:38:25,119.49,119.74,437,968,SELL,SPIKE
2024-11-18 11:38:26,194.67,194.95,432,19,SELL,DROP
2024-11-18 11:38:27,142.22,142.38,89,861,BUY,NORMAL
2024-11-18 11:38:28,196.18,196.5,424,659,HOLD,SPIKE
2024-11-18 11:38:29,108.76,108.79,911,152,BUY,DROP
2024-11-18 11:38:30,167.43,167.53,222,999,HOLD,SPIKE
2024-11-18 11:38:31,112.65,112.66,435,823,HOLD,DROP
2024-11-18 11:38:32,156.04,156.49,887,870,SELL,NORMAL
2024-11-18 11:38:33,173.43,173.5,255,998,BUY,NORMAL
2024-11-18 11:38:34,185.46,185.64,257,580,SELL,NORMAL
2024-11-18 11:38:35,173.9,174.34,403,916,BUY,SPIKE
2024-11-18 11:38:36,141.42,141.55,729,756,HOLD,SPIKE
2024-11-18 11:38:37,129.61,130.08,949,15,HOLD,NORMAL
2024-11-18 11:38:38,148.07,148.21,558,432,HOLD,SPIKE
2024-11-18 11:38:39,106.04,106.36,237,69,HOLD,NORMAL
2024-11-18 11:38:40,110.45,110.72,809,759,HOLD,NORMAL
2024-11-18 11:38:41,118.84,119.02,254,262,BUY,SPIKE
2024-11-18 11:38:42,101.55,101.63,469,662,HOLD,NORMAL
2024-11-18 11:38:43,163.29,163.51,874,797,HOLD,NORMAL
2024-11-18 11:38:44,179.54,179.78,753,809,SELL,DROP
2024-11-18 11:38:45,143.12,143.46,537,800,SELL,NORMAL
2024-11-18 11:38:46,139.45,139.62,746,337,HOLD,NORMAL
2024-11-18 11:38:47,191.14,191.5,392,359,HOLD,SPIKE
2024-11-18 11:38:48,156.12,156.53,216,906,SELL,DROP
2024-11-18 11:38:49,138.26,138.7,802,110,HOLD,SPIKE
2024-11-18 11:38:50,141.96,142.09,739,72,BUY,DROP
2024-11-18 11:38:51,191.72,192.09,143,187,BUY,DROP
2024-11-18 11:38:52,124.38,124.52,717,938,HOLD,DROP
2024-11-18 11:38:53,166.17,166.25,69,686,SELL,DROP
2024-11-18 11:38:54,181.28,181.33,105,964,HOLD,DROP
2024-11-18 11:38:55,134.92,135.04,538,491,HOLD,DROP
2024-11-18 11:38:56,139.19,139.49,176,230,HOLD,NORMAL
2024-11-18 11:38:57,181.45,181.55,827,909,SELL,SPIKE
2024-11-18 11:38:58,145.06,145.25,110,241,HOLD,DROP
2024-11-18 11:38:59,103.04,103.08,515,386,BUY,NORMAL
2024-11-18 11:39:00,131.47,131.81,756,29,BUY,DROP
2024-11-18 11:39:01,194.42,194.7,88,204,BUY,NORMAL
2024-11-18 11:39:02,199.62,199.73,466,790,BUY,NORMAL
2024-11-18 11:39:03,128.8,129.07,377,706,BUY,NORMAL
2024-11-18 11:39:04,186.63,186.97,504,779,HOLD,DROP
2024-11-18 11:39:05,175.35,175.63,45,880,SELL,NORMAL
2024-11-18 11:39:06,199.62,199.78,341,229,BUY,DROP
2024-11-18 11:39:07,152.66,152.84,80,403,SELL,DROP
2024-11-18 11:39:08,131.34,131.36,440,469,HOLD,SPIKE
2024-11-18 11:39:09,189.41,189.58,24,90,SELL,DROP
2024-11-18 11:39:10,198.34,198.5,460,725,HOLD,SPIKE
2024-11-18 11:39:11,169.34,169.41,735,27,BUY,DROP
2024-11-18 11:39:12,142.91,142.93,217,950,BUY,SPIKE
2024-11-18 11:39:13,183.57,183.92,907,547,HOLD,SPIKE
2024-11-18 11:39:14,155.19,155.49,412,287,BUY,SPIKE
2024-11-18 11:39:15,124.98,125.21,444,262,BUY,DROP
2024-11-18 11:39:16,194.65,194.78,135,556,SELL,NORMAL
2024-11-18 11:39:17,120.75,121.05,130,382,BUY,DROP
2024-11-18 11:39:18,120.19,120.54,867,552,BUY,NORMAL
2024-11-18 11:39:19,189.1,189.51,662,914,SELL,NORMAL
2024-11-18 11:39:20,184.65,184.9,426,730,BUY,DROP
2024-11-18 11:39:21,162.52,162.7,201,245,BUY,DROP
2024-11-18 11:39:22,149.3,149.54,624,861,SELL,DROP
2024-11-18 11:39:23,124.58,124.87,670,346,SELL,NORMAL
2024-11-18 11:39:24,101.59,101.68,766,588,HOLD,NORMAL
2024-11-18 11:39:25,134.75,135.16,121,408,HOLD,SPIKE
2024-11-18 11:39:26,105.95,106.18,361,73,SELL,DROP
2024-11-18 11:39:27,141.12,141.17,254,221,BUY,NORMAL
2024-11-18 11:39:28,169.16,169.25,404,629,BUY,DROP
2024-11-18 11:39:29,163.4,163.74,337,624,BUY,SPIKE
2024-11-18 11:39:30,170.42,170.92,987,48,SELL,SPIKE
2024-11-18 11:39:31,195.48,195.58,197,344,SELL,NORMAL
2024-11-18 11:39:32,143.94,144.08,720,232,BUY,DROP
2024-11-18 11:39:33,128.71,128.76,249,621,SELL,DROP
2024-11-18 11:39:34,159.62,159.85,48,545,BUY,DROP
2024-11-18 11:39:35,152.13,152.67,261,576,HOLD,SPIKE
2024-11-18 11:39:36,158.2,158.43,67,122,BUY,DROP
2024-11-18 11:39:37,177.42,177.74,213,731,HOLD,NORMAL
2024-11-18 11:39:38,180.48,180.77,294,514,SELL,SPIKE
2024-11-18 11:39:39,102.0,102.02,491,583,HOLD,NORMAL
2024-11-18 11:39:40,105.66,105.88,927,548,SELL,NORMAL
2024-11-18 11:39:41,131.56,131.92,456,35,BUY,SPIKE
2024-11-18 11:39:42,195.91,195.96,155,436,SELL,NORMAL
2024-11-18 11:39:43,133.32,133.77,313,191,BUY,SPIKE
2024-11-18 11:39:44,153.82,154.19,591,764,SELL,DROP
2024-11-18 11:39:45,136.27,136.53,63,176,SELL,DROP
2024-11-18 11:39:46,153.96,154.36,373,17,HOLD,DROP
2024-11-18 11:39:47,100.68,100.95,916,676,HOLD,SPIKE
2024-11-18 11:39:48,126.78,127.07,665,692,SELL,DROP
2024-11-18 11:39:50,134.16,134.32,547,148,BUY,DROP
2024-11-18 11:39:51,118.05,118.51,175,437,SELL,NORMAL
2024-11-18 11:39:52,197.7,198.18,112,852,HOLD,SPIKE
2024-11-18 11:39:53,141.45,141.47,958,867,BUY,NORMAL
2024-11-18 11:39:54,163.53,163.79,961,505,SELL,NORMAL
2024-11-18 11:39:55,134.84,135.06,192,590,SELL,DROP
2024-11-18 11:39:56,138.31,138.42,788,998,SELL,DROP
2024-11-18 11:39:57,149.97,150.18,246,221,BUY,DROP
2024-11-18 11:39:58,186.92,187.38,503,382,BUY,DROP
2024-11-18 11:39:59,195.34,195.48,953,339,HOLD,SPIKE
2024-11-18 11:40:00,147.63,148.0,706,879,SELL,NORMAL
2024-11-18 11:40:01,188.82,188.99,471,400,HOLD,NORMAL
2024-11-18 11:40:02,169.08,169.39,459,996,BUY,DROP
2024-11-18 11:40:03,101.35,101.78,250,706,HOLD,SPIKE
2024-11-18 11:40:04,167.12,167.21,161,611,BUY,NORMAL
2024-11-18 11:40:05,110.07,110.39,401,612,BUY,SPIKE
2024-11-18 11:40:06,150.36,150.71,581,450,HOLD,NORMAL
2024-11-18 11:40:07,120.12,120.4,689,176,HOLD,NORMAL
2024-11-18 11:40:08,142.14,142.26,442,472,BUY,NORMAL
2024-11-18 11:40:09,176.27,176.42,485,527,SELL,SPIKE
2024-11-18 11:40:10,192.08,192.45,876,356,HOLD,NORMAL
2024-11-18 11:40:11,160.27,160.67,198,641,SELL,NORMAL
2024-11-18 11:40:12,140.27,140.34,534,529,SELL,NORMAL
2024-11-18 11:40:13,111.76,112.09,234,263,BUY,NORMAL
2024-11-18 11:40:14,137.27,137.54,571,416,SELL,DROP
2024-11-18 11:40:15,140.28,140.38,290,766,SELL,SPIKE
2024-11-18 11:40:16,190.82,191.12,119,489,HOLD,DROP
2024-11-18 11:40:17,160.05,160.32,759,22,BUY,NORMAL
2024-11-18 11:40:18,111.85,111.94,822,649,HOLD,DROP
2024-11-18 11:40:19,198.37,198.52,410,777,HOLD,DROP
2024-11-18 11:40:20,170.48,170.86,483,183,HOLD,SPIKE
2024-11-18 11:40:21,164.27,164.32,874,16,HOLD,SPIKE
2024-11-18 11:40:22,199.47,199.66,110,600,HOLD,DROP
2024-11-18 11:40:23,155.48,155.49,543,421,BUY,SPIKE
2024-11-18 11:40:24,158.81,159.26,513,468,HOLD,DROP
2024-11-18 11:40:25,194.72,194.83,166,526,SELL,DROP
2024-11-18 11:40:26,132.42,132.63,417,43,SELL,SPIKE
2024-11-18 11:40:27,113.9,114.12,520,756,BUY,NORMAL
2024-11-18 11:40:28,172.68,173.0,225,970,HOLD,DROP
2024-11-18 11:40:29,102.97,103.06,754,695,HOLD,NORMAL
2024-11-18 11:40:30,163.87,164.28,92,460,SELL,SPIKE
2024-11-18 11:40:31,146.92,147.2,530,602,HOLD,SPIKE
2024-11-18 11:40:32,115.0,115.24,537,746,HOLD,DROP
2024-11-18 11:40:33,174.32,174.78,75,742,BUY,NORMAL
2024-11-18 11:40:34,169.68,169.89,558,327,SELL,SPIKE
2024-11-18 11:40:35,118.92,119.28,39,879,SELL,DROP
2024-11-18 11:40:36,119.0,119.03,115,441,BUY,NORMAL
2024-11-18 11:40:37,178.91,179.39,512,791,HOLD,NORMAL
2024-11-18 11:40:38,155.49,155.77,62,874,BUY,DROP
2024-11-18 11:40:39,156.45,156.49,730,747,SELL,SPIKE
2024-11-18 11:40:40,118.73,119.17,835,95,SELL,DROP
2024-11-18 11:40:41,102.91,103.06,386,250,BUY,DROP
2024-11-18 11:40:42,132.27,132.76,163,697,HOLD,SPIKE
2024-11-18 11:40:43,161.34,161.64,228,459,SELL,DROP
2024-11-18 11:40:44,136.94,136.99,990,126,SELL,NORMAL
2024-11-18 11:40:45,102.69,102.98,266,775,SELL,DROP
2024-11-18 11:40:46,146.92,147.27,940,475,HOLD,DROP
2024-11-18 11:40:47,158.79,158.96,836,225,HOLD,SPIKE
2024-11-18 11:40:48,145.59,145.72,558,143,BUY,SPIKE
2024-11-18 11:40:49,137.38,137.53,596,187,BUY,NORMAL
2024-11-18 11:40:50,156.73,156.94,586,926,HOLD,SPIKE
2024-11-18 11:40:51,114.85,114.87,81,587,SELL,SPIKE
2024-11-18 11:40:52,168.9,169.01,514,859,BUY,DROP
2024-11-18 11:40:53,133.36,133.63,226,917,HOLD,DROP
2024-11-18 11:40:54,182.55,182.63,800,169,HOLD,DROP
2024-11-18 11:40:55,161.93,162.08,158,55,HOLD,SPIKE
2024-11-18 11:40:56,134.63,134.75,822,325,BUY,SPIKE
2024-11-18 11:40:57,105.62,106.08,22,964,HOLD,SPIKE
2024-11-18 11:40:58,114.75,114.92,187,596,HOLD,SPIKE
2024-11-18 11:40:59,190.31,190.75,845,860,HOLD,NORMAL
2024-11-18 11:41:00,114.33,114.66,933,531,SELL,SPIKE
2024-11-18 11:41:01,198.93,199.25,750,872,HOLD,SPIKE
2024-11-18 11:41:02,182.79,183.19,451,538,SELL,SPIKE
2024-11-18 11:41:03,126.69,127.13,60,698,SELL,NORMAL
2024-11-18 11:41:04,170.68,170.8,271,708,SELL,NORMAL
2024-11-18 11:41:05,120.96,121.01,69,213,HOLD,DROP
2024-11-18 11:41:06,123.53,123.87,365,351,HOLD,DROP
2024-11-18 11:41:07,130.96,131.44,978,199,SELL,DROP
2024-11-18 11:41:08,130.18,130.47,195,328,BUY,DROP
2024-11-18 11:41:09,121.11,121.39,45,818,HOLD,DROP
2024-11-18 11:41:10,181.55,181.74,411,30,SELL,NORMAL
2024-11-18 11:41:11,161.07,161.27,999,786,SELL,SPIKE
2024-11-18 11:41:12,141.31,141.68,522,363,BUY,SPIKE
2024-11-18 11:41:13,147.91,148.22,253,936,SELL,NORMAL
2024-11-18 11:41:14,183.03,183.43,953,761,SELL,DROP
2024-11-18 11:41:15,192.36,192.42,384,735,SELL,NORMAL
2024-11-18 11:41:16,128.22,128.35,458,967,HOLD,DROP
2024-11-18 11:41:17,190.79,190.9,747,177,BUY,NORMAL
2024-11-18 11:41:18,148.28,148.59,677,622,BUY,SPIKE
2024-11-18 11:41:19,140.14,140.22,84,221,HOLD,NORMAL
2024-11-18 11:41:20,157.47,157.55,249,962,HOLD,NORMAL
2024-11-18 11:41:21,120.58,120.97,226,710,SELL,DROP
2024-11-18 11:41:22,177.77,177.81,180,672,HOLD,NORMAL
2024-11-18 11:41:23,147.2,147.34,480,409,BUY,DROP
2024-11-18 11:41:24,143.39,143.61,282,216,HOLD,DROP
2024-11-18 11:41:25,166.53,166.91,81,343,SELL,DROP
2024-11-18 11:41:26,100.34,100.4,40,179,BUY,SPIKE
2024-11-18 11:41:27,121.84,121.94,189,621,BUY,DROP
2024-11-18 11:41:28,138.62,138.9,514,488,BUY,SPIKE
2024-11-18 11:41:29,143.77,144.25,692,509,SELL,NORMAL
2024-11-18 11:41:30,187.82,187.97,406,354,SELL,NORMAL
2024-11-18 11:41:31,149.47,149.49,182,723,BUY,SPIKE
2024-11-18 11:41:32,191.54,191.56,601,778,HOLD,DROP
2024-11-18 11:41:33,141.49,141.74,700,243,BUY,NORMAL
2024-11-18 11:41:34,111.86,111.95,936,443,BUY,SPIKE
2024-11-18 11:41:35,102.24,102.5,727,791,SELL,NORMAL
2024-11-18 11:41:36,110.55,110.77,287,951,HOLD,DROP
2024-11-18 11:41:37,137.69,138.03,305,65,BUY,DROP
2024-11-18 11:41:38,115.73,116.0,138,573,SELL,DROP
2024-11-18 11:41:39,93.95,94.16,544,64,BUY,DROP
2024-11-18 11:41:40,160.53,160.74,930,52,HOLD,SPIKE
2024-11-18 11:41:41,169.47,169.54,22,991,SELL,SPIKE
2024-11-18 11:41:42,168.86,168.87,58,853,HOLD,SPIKE
2024-11-18 11:41:43,163.37,163.64,936,53,SELL,SPIKE
2024-11-18 11:41:44,192.89,193.05,873,654,BUY,SPIKE
2024-11-18 11:41:45,161.12,161.44,44,879,HOLD,DROP
2024-11-18 11:41:46,185.55,185.88,413,848,SELL,NORMAL
2024-11-18 11:41:47,145.39,145.6,453,483,BUY,SPIKE
2024-11-18 11:41:48,171.02,171.14,951,564,HOLD,DROP
2024-11-18 11:41:49,147.88,148.38,467,940,SELL,NORMAL
2024-11-18 11:41:50,183.98,184.11,975,599,BUY,SPIKE
2024-11-18 11:41:51,175.26,175.3,691,759,HOLD,DROP
2024-11-18 11:41:52,130.11,130.12,258,22,SELL,DROP
2024-11-18 11:41:53,143.94,144.42,844,638,SELL,NORMAL
2024-11-18 11:41:54,100.56,100.95,303,360,BUY,DROP
2024-11-18 11:41:55,181.97,182.27,919,754,BUY,SPIKE
2024-11-18 11:41:56,148.2,148.43,958,295,BUY,NORMAL
2024-11-18 11:41:57,167.46,167.61,296,757,BUY,DROP
2024-11-18 11:41:58,149.19,149.53,497,875,HOLD,SPIKE
2024-11-18 11:41:59,127.99,128.47,567,35,HOLD,DROP
2024-11-18 11:42:00,124.06,124.36,422,920,HOLD,DROP
2024-11-18 11:42:01,106.39,106.77,192,171,SELL,NORMAL
2024-11-18 11:42:02,103.97,104.44,949,307,BUY,DROP
2024-11-18 11:42:03,183.54,183.7,783,546,SELL,SPIKE
2024-11-18 11:42:04,189.02,189.31,19,697,BUY,NORMAL
2024-11-18 11:42:05,174.37,174.46,875,827,HOLD,SPIKE
2024-11-18 11:42:06,174.92,175.36,658,754,HOLD,DROP
2024-11-18 11:42:07,190.11,190.38,448,495,BUY,NORMAL
2024-11-18 11:42:08,174.35,174.43,315,699,HOLD,DROP
2024-11-18 11:42:09,116.41,116.89,445,640,HOLD,NORMAL
2024-11-18 11:42:10,136.25,136.31,122,428,BUY,NORMAL
2024-11-18 11:42:11,102.31,102.8,736,287,HOLD,NORMAL
2024-11-18 11:42:12,107.59,107.6,195,641,HOLD,DROP
2024-11-18 11:42:13,196.16,196.23,881,432,SELL,SPIKE
2024-11-18 11:42:14,122.13,122.43,823,919,BUY,DROP
2024-11-18 11:42:15,134.01,134.22,459,171,HOLD,DROP
2024-11-18 11:42:16,133.36,133.84,321,566,BUY,NORMAL
2024-11-18 11:42:17,165.25,165.49,739,379,BUY,DROP
2024-11-18 11:42:18,181.15,181.43,182,387,SELL,DROP
2024-11-18 11:42:19,119.91,120.1,398,487,HOLD,NORMAL
2024-11-18 11:42:20,128.57,128.97,549,775,SELL,NORMAL
2024-11-18 11:42:21,131.8,132.03,279,335,BUY,NORMAL
2024-11-18 11:42:22,171.13,171.35,983,609,SELL,DROP
2024-11-18 11:42:23,143.0,143.39,584,742,SELL,NORMAL
2024-11-18 11:42:24,102.44,102.92,160,808,BUY,NORMAL
2024-11-18 11:42:25,174.95,175.15,879,531,SELL,SPIKE
2024-11-18 11:42:26,135.4,135.51,220,919,SELL,NORMAL
2024-11-18 11:42:27,135.09,135.37,824,104,BUY,SPIKE
2024-11-18 11:42:28,171.93,172.02,135,696,SELL,NORMAL
2024-11-18 11:42:29,178.22,178.68,26,785,BUY,DROP
2024-11-18 11:42:30,193.38,193.82,293,279,SELL,DROP
2024-11-18 11:42:31,188.98,189.38,834,50,HOLD,SPIKE
2024-11-18 11:42:32,176.76,177.2,769,472,HOLD,SPIKE
2024-11-18 11:42:33,126.42,126.57,827,163,HOLD,DROP
2024-11-18 11:42:34,192.01,192.06,831,726,HOLD,SPIKE
2024-11-18 11:42:35,183.4,183.67,538,164,HOLD,SPIKE
2024-11-18 11:42:36,187.4,187.49,493,127,HOLD,NORMAL
2024-11-18 11:42:37,118.4,118.71,633,606,HOLD,NORMAL
2024-11-18 11:42:38,116.84,117.2,933,175,BUY,DROP
2024-11-18 11:42:39,182.27,182.42,121,865,BUY,DROP
2024-11-18 11:42:40,154.24,154.43,999,515,BUY,NORMAL
2024-11-18 11:42:41,107.44,107.82,999,54,HOLD,SPIKE
2024-11-18 11:42:42,198.7,199.06,802,794,SELL,DROP
2024-11-18 11:42:43,100.69,100.89,332,942,SELL,NORMAL
2024-11-18 11:42:44,178.51,178.82,172,13,BUY,NORMAL
2024-11-18 11:42:45,98.33,98.59,52,846,SELL,DROP
2024-11-18 11:42:46,141.04,141.15,197,865,HOLD,SPIKE
2024-11-18 11:42:47,140.3,140.61,721,278,HOLD,NORMAL
2024-11-18 11:42:48,131.28,131.49,477,519,BUY,NORMAL
2024-11-18 11:42:49,191.79,191.87,427,491,BUY,NORMAL
2024-11-18 11:42:50,124.23,124.7,310,775,HOLD,NORMAL
2024-11-18 11:42:51,111.99,112.12,911,274,HOLD,SPIKE
2024-11-18 11:42:52,108.97,109.1,531,402,SELL,DROP
2024-11-18 11:42:53,142.71,143.05,583,874,BUY,DROP
2024-11-18 11:42:54,119.5,119.72,51,352,SELL,SPIKE
2024-11-18 11:42:55,168.27,168.65,184,488,SELL,NORMAL
2024-11-18 11:42:56,186.63,186.83,292,495,BUY,DROP
2024-11-18 11:42:57,122.4,122.76,342,164,BUY,SPIKE
2024-11-18 11:42:58,160.45,160.75,10,744,BUY,NORMAL
2024-11-18 11:42:59,129.74,130.14,277,102,HOLD,SPIKE
2024-11-18 11:43:00,154.9,155.19,951,70,HOLD,DROP
2024-11-18 11:43:01,205.01,205.4,317,58,BUY,SPIKE
2024-11-18 11:43:02,188.88,189.12,57,640,SELL,NORMAL
2024-11-18 11:43:03,189.83,190.18,293,185,HOLD,DROP
2024-11-18 11:43:04,112.19,112.41,298,674,SELL,SPIKE
2024-11-18 11:43:06,189.5,189.73,960,913,HOLD,DROP
2024-11-18 11:43:07,104.24,104.67,728,815,BUY,DROP
2024-11-18 11:43:08,165.86,166.3,277,147,BUY,DROP
2024-11-18 11:43:09,107.16,107.27,417,358,SELL,NORMAL
2024-11-18 11:43:10,165.79,165.94,238,285,SELL,NORMAL
2024-11-18 11:43:11,193.57,193.76,599,316,HOLD,SPIKE
2024-11-18 11:43:12,167.0,167.04,559,186,BUY,SPIKE
2024-11-18 11:43:13,191.87,192.21,922,543,HOLD,NORMAL
2024-11-18 11:43:14,192.73,192.92,266,498,SELL,SPIKE
2024-11-18 11:43:15,142.06,142.23,805,444,BUY,NORMAL
2024-11-18 11:43:16,183.74,184.08,249,398,BUY,SPIKE
2024-11-18 11:43:17,122.54,122.76,519,183,HOLD,NORMAL
2024-11-18 11:43:18,167.05,167.3,729,317,BUY,DROP
2024-11-18 11:43:19,134.06,134.41,499,987,HOLD,DROP
2024-11-18 11:43:20,164.76,164.89,899,878,BUY,SPIKE
2024-11-18 11:43:21,142.46,142.64,946,59,SELL,NORMAL
2024-11-18 11:43:22,197.91,197.96,709,890,BUY,SPIKE
2024-11-18 11:43:23,115.52,115.73,644,266,SELL,NORMAL
2024-11-18 11:43:24,166.02,166.21,518,437,SELL,SPIKE
2024-11-18 11:43:25,157.84,158.1,838,839,BUY,SPIKE
2024-11-18 11:43:26,119.91,120.06,748,464,HOLD,DROP
2024-11-18 11:43:27,199.91,200.17,588,415,SELL,NORMAL
2024-11-18 11:43:28,185.94,186.4,985,352,HOLD,DROP
2024-11-18 11:43:29,118.52,118.72,22,927,HOLD,SPIKE
2024-11-18 11:43:30,151.77,151.93,552,417,BUY,NORMAL
2024-11-18 11:43:31,102.73,102.78,392,28,HOLD,SPIKE
2024-11-18 11:43:32,191.03,191.15,462,210,HOLD,SPIKE
2024-11-18 11:43:33,181.57,181.89,542,104,BUY,NORMAL
2024-11-18 11:43:34,105.59,105.73,446,657,SELL,SPIKE
2024-11-18 11:43:35,153.42,153.48,584,216,HOLD,DROP
2024-11-18 11:43:36,134.28,134.7,169,327,HOLD,DROP
2024-11-18 11:43:37,155.01,155.25,149,142,HOLD,SPIKE
2024-11-18 11:43:38,116.16,116.41,459,112,SELL,SPIKE
2024-11-18 11:43:39,181.57,181.74,648,789,BUY,SPIKE
2024-11-18 11:43:40,148.82,149.0,495,906,BUY,NORMAL
2024-11-18 11:43:41,153.86,153.93,754,302,HOLD,SPIKE
2024-11-18 11:43:42,179.51,179.7,987,807,HOLD,SPIKE
2024-11-18 11:43:43,162.02,162.11,402,767,HOLD,SPIKE
2024-11-18 11:43:44,195.38,195.87,502,434,SELL,SPIKE
2024-11-18 11:43:45,127.95,127.96,42,54,SELL,SPIKE
2024-11-18 11:43:46,170.6,170.86,525,65,BUY,NORMAL
2024-11-18 11:43:47,167.54,167.71,371,645,HOLD,DROP
2024-11-18 11:43:48,151.69,151.74,278,768,SELL,DROP
2024-11-18 11:43:49,186.46,186.67,254,912,BUY,SPIKE
2024-11-18 11:43:50,144.19,144.45,256,803,SELL,DROP
2024-11-18 11:43:51,113.08,113.58,15,605,HOLD,DROP
2024-11-18 11:43:52,127.77,127.84,73,438,HOLD,DROP
2024-11-18 11:43:53,149.9,149.94,434,220,HOLD,NORMAL
2024-11-18 11:43:54,125.45,125.83,330,972,BUY,NORMAL
2024-11-18 11:43:55,101.18,101.22,471,323,SELL,SPIKE
2024-11-18 11:43:56,137.89,138.0,150,620,SELL,DROP
2024-11-18 11:43:57,125.45,125.6,114,323,HOLD,DROP
2024-11-18 11:43:58,114.04,114.23,753,41,SELL,SPIKE
2024-11-18 11:43:59,139.52,139.58,624,563,HOLD,DROP
2024-11-18 11:44:00,167.78,168.12,433,249,HOLD,DROP
2024-11-18 11:44:01,119.63,119.91,258,100,HOLD,SPIKE
2024-11-18 11:44:02,119.1,119.25,295,71,BUY,SPIKE
2024-11-18 11:44:03,108.15,108.34,836,243,HOLD,DROP
2024-11-18 11:44:04,140.82,141.23,766,929,HOLD,DROP
2024-11-18 11:44:05,188.35,188.47,265,308,SELL,NORMAL
2024-11-18 11:44:06,192.54,192.58,155,371,HOLD,NORMAL
2024-11-18 11:44:07,148.66,149.05,234,808,SELL,DROP
2024-11-18 11:44:08,171.4,171.81,96,345,HOLD,SPIKE
2024-11-18 11:44:09,104.77,104.89,662,592,HOLD,SPIKE
2024-11-18 11:44:10,116.49,116.64,199,963,SELL,DROP
2024-11-18 11:44:11,145.8,145.85,574,358,BUY,SPIKE
2024-11-18 11:44:12,110.07,110.11,987,671,SELL,SPIKE
2024-11-18 11:44:13,197.88,198.17,781,883,BUY,NORMAL
2024-11-18 11:44:14,104.47,104.6,657,388,BUY,DROP
